4309 6534
813 824 816 829 '
907 818 1027 864 LEONIS
1047 820 1163 864 PAPAE
1183 819 1254 864 xm.

961 1099 1118 1165 CAPVT
1138 1100 1197 1163 IV.

900 1282 948 1327 DE
968 1281 1078 1328 LIBRIS
1098 1280 1266 1328 OBSCENIS.

483 1483 513 1547 9.
534 1482 637 1563 Libri,
659 1481 718 1567 qui
738 1501 796 1547 res
815 1482 966 1547 lascivas
986 1500 1049 1546 seu
1069 1482 1239 1547 obscenas
1260 1500 1304 1545 ex
1324 1479 1480 1563 professo
1501 1486 1662 1558 tractant,
1680 1495 1758 1542 nar·

402 1628 491 1700 rant,
512 1630 574 1685 aut
594 1622 730 1703 docent,
745 1638 826 1685 cum
847 1638 917 1684 non
938 1621 1052 1683 solum
1072 1619 1161 1701 fidei,
1183 1619 1245 1683 sed
1266 1629 1302 1683 et
1323 1635 1468 1697 morum,
1484 1617 1543 1699 qui
1560 1614 1757 1681 huiusmodi

401 1754 570 1819 librorum
590 1756 738 1822 lectione
760 1756 860 1820 facile
880 1755 1057 1837 corrumpi
1076 1756 1206 1835 solent,
1231 1755 1320 1818 ratio
1341 1753 1500 1817 habenda
1528 1752 1588 1833 sit,
1616 1751 1757 1815 omnino

401 1891 638 1973 prohibentur.

485 2031 532 2095 l0.
552 2029 647 2094 Libri
667 2039 851 2094 auctorum
871 2030 945 2093 sive
967 2029 1198 2111 antiquorum,
1213 2029 1288 2093 sive
1308 2028 1552 2106 recentiorum,
1567 2043 1655 2108 quos
1669 2025 1756 2088 clas-

400 2166 493 2231 sicos
513 2176 657 2247 vocant,
679 2166 709 2229 si
729 2166 796 2230 hac
816 2166 891 2248 ipsa
911 2163 1135 2247 turpitudinis
1162 2166 1240 2229 labe
1267 2164 1385 2229 infecti
1406 2172 1502 2242 sunt,
1523 2170 1666 2244 propter
1685 2180 1756 2225 ser·

401 2304 515 2368 monis
529 2303 738 2386 elegantiam
753 2312 788 2366 et
802 2302 1058 2385 proprietatem,
1073 2302 1116 2366 iis
1130 2310 1266 2366 tantum
1279 2301 1536 2384 permittuntur,
1551 2316 1639 2381 quos
1653 2295 1756 2362 officii

399 2445 461 2500 aut
482 2436 673 2519 magisterii
694 2436 783 2500 ratio
811 2444 971 2515 excusat;
993 2436 1090 2500 nulla
1118 2445 1235 2500 tamen
1262 2435 1396 2500 ratione
1424 2434 1541 2518 pueris
1561 2436 1618 2498 vel
1639 2434 1755 2497 adole-

399 2571 585 2653 scentibus,
607 2572 673 2638 nisi
693 2573 814 2637 solerti
835 2591 919 2637 cura
934 2573 1128 2657 expurgati,
1144 2574 1304 2640 tradendi
1324 2584 1385 2640 aut
1403 2572 1628 2657 praelegendi
1642 2582 1753 2637 erunt.

964 2826 1123 2892 CAPVT
1142 2829 1186 2893 V.

661 3008 709 3054 DE
729 3008 930 3061 QVIBVSDAM
950 3009 1124 3055 SPECIALIS
1145 3009 1348 3055 ARGVIIEN'II
1369 3009 1488 3056 LIBRIS.

480 3189 526 3250 ll.
548 3186 768 3251 Damnantur
789 3187 879 3268 libri,
901 3188 937 3252 in
957 3187 1083 3270 quibus
1103 3187 1196 3270 Deo,
1217 3198 1279 3254 aut
1306 3190 1429 3253 beatae
1449 3187 1577 3272 virgini
1607 3187 1751 3267 Mariae,

396 3326 453 3388 vel
474 3324 618 3404 sanctiS,
640 3334 701 3389 aut
715 3325 908 3389 catholicae
929 3325 1107 3389 Ecclesiae
1129 3325 1271 3407 eiusque
1292 3324 1417 3404 cultui,
1439 3326 1496 3388 vel
1514 3324 1751 3403 sacramentis,

396 3470 457 3525 aut
477 3460 690 3541 apostolicae
704 3460 785 3525 Sedi
806 3461 1009 3526 detrahitur.
1024 3461 1148 3526 Eidem
1161 3461 1413 3544 reprobationis
1426 3461 1554 3525 iudicio
1572 3460 1752 3525 subiacent

396 3614 437 3659 ea
457 3614 574 3676 opera,
595 3596 631 3660 in
652 3595 776 3678 quibus
789 3595 1024 3678 inspirationis
1044 3614 1167 3660 sacrae
1181 3596 1380 3678 Scripturae
1401 3604 1592 3678 conceptus
1611 3613 1752 3676 perver-

395 3730 494 3810 titur,
516 3738 577 3793 aut
597 3730 672 3793 eius
692 3729 849 3794 extensio
876 3729 979 3793 nimis
1007 3740 1216 3795 coarctatur.
1244 3730 1475 3795 Prohibentur
1501 3748 1639 3814 quoque
1663 3729 1750 3808 libri,

395 3866 455 3947 qui
483 3866 565 3930 data
595 3885 702 3949 opera
729 3865 1003 3930 ecclesiasticam
1029 3835 1279 3945 hierarchiam,
1308 3875 1370 3929 aut
1394 3874 1525 3930 statum
1552 3865 1750 3929 clericalem

395 4005 452 4068 vel
473 4004 677 4087 religiosum
697 4003 834 4086 probris
854 4003 1017 4068 afficiunt.

478 4136 524 4200 12.
545 4135 651 4199 Nefas
671 4145 747 4199 esto
768 4135 875 4198 libros
895 4135 1018 4215 edere,
1044 4136 1163 4218 legere
1189 4144 1251 4199 aut
1272 4135 1435 4215 retinere,
1457 4134 1631 4216 inquibus
1651 4132 1751 4197 sorti·

395 4274 495 4357 legia,
517 4273 702 4352 divinatio,
731 4271 866 4354 magia,
895 4271 1054 4334 evocatio
1075 4271 1277 4354 spirituum,
1306 4272 1463 4355 aliaeque
1487 4270 1590 4336 huius
1610 4271 1750 4354 generis

393 4405 658 4487 superstitiones
678 4405 857 4483 docentur,
879 4408 937 4469 vel
958 4404 1257 4469 commendantur.

476 4539 523 4602 13.
543 4537 638 4601 Libri
658 4548 719 4602 aut
739 4538 877 4621 scripta,
899 4557 989 4620 quae
1010 4546 1154 4601 narrant
1169 4554 1279 4601 novas
1300 4537 1544 4618 apparitiones,
1566 4537 1748 4602 revelatio

392 4690 464 4749 nes,
486 4670 657 4751 visiones,
678 4672 896 4754 prophetias,
919 4672 1106 4752 miracula,
1127 4674 1185 4736 vel
1206 4690 1296 4754 quae
1317 4691 1427 4737 novas
1447 4673 1616 4738 inducunt
1643 4674 1748 4737 devo

392 4806 513 4886 tiones
535 4806 640 4870 etiam
662 4809 727 4872 sub
746 4818 931 4889 praetextu
952 4809 1043 4890 quod
1062 4808 1132 4873 sint
1145 4809 1311 4891 privatae,
1334 4809 1364 4873 si
1383 4810 1603 4892 publicentur
1616 4810 1748 4893 absque

392 4941 549 5024 legitima
568 4940 793 5023 Superiorum
814 4941 992 5007 Ecclesiae
1013 4942 1161 5023 licentia,
1183 4944 1455 5025 proscribuntur.

474 5074 521 5138 14.
542 5074 773 5139 Prohibentur
793 5075 923 5158 pariter
943 5076 1034 5156 libri,
1057 5076 1115 5158 qui
1136 5077 1306 5158 duellum,
1328 5078 1511 5143 suicidium
1553 5082 1610 5145 vel
1632 5079 1747 5144 divor-

391 5208 479 5273 tium
507 5208 601 5273 licita
628 5217 804 5290 statuunt,
838 5209 899 5292 qui
926 5211 970 5275 de
998 5211 1103 5276 sectis
1130 5213 1352 5295 massonicis,
1387 5215 1444 5277 vel
1478 5213 1556 5280 aliis
1590 5214 1746 5281 eiusdem
