4309 6534
393 757 483 810 xvur
802 749 807 758 '
955 763 1167 811 autumno.

393 969 558 1066 exceptis
586 995 684 1067 quae
711 994 735 1043 a
752 969 870 1044 vocali
898 969 1161 1059 exordiuntur,
1190 968 1249 1044 vel
1278 971 1326 1044 ab
1357 970 1430 1044 alia
1460 970 1600 1061 littera,
1631 995 1734 1068 quae

392 1138 474 1187 cum
508 1114 702 1211 proposito
741 1114 811 1199 De,
846 1113 936 1188 elisa
972 1113 1125 1188 huiusce
1162 1114 1285 1189 littera
1315 1140 1343 1203 a,
1380 1114 1630 1192 confunditur:
1660 1116 1735 1190 ista

393 1257 489 1331 enim
518 1260 666 1333 nomina
693 1285 740 1333 eo
768 1260 881 1334 modo
910 1258 1048 1357 scripta
1074 1260 1188 1345 suere,
1209 1284 1286 1356 quo
1313 1285 1405 1335 voce
1435 1260 1591 1357 proferri
1608 1257 1735 1335 solent

393 1401 468 1507 (ex,
489 1429 546 1502 gr.
568 1403 825 1492 D’Alembert,
853 1402 1107 1507 D’Holbach).
1136 1404 1313 1479 -Etiam
1343 1404 1491 1478 uomina
1523 1405 1734 1503 composita

394 1545 667 1646 Religiosorum
687 1574 733 1623 eo
756 1549 886 1624 ordine
905 1548 1051 1647 scriptis
1078 1548 1271 1623 reserenda
1289 1549 1521 1635 videbantur,
1543 1573 1619 1645 quo
1639 1569 1735 1623 voce

393 1689 629 1786 proferuntur
647 1692 719 1789 (ex.
740 1718 797 1789 gr.
820 1692 1005 1766 Henricus
1024 1717 1047 1765 a
1065 1690 1104 1766 S.
1125 1692 1286 1790 lgnatio;
1308 1692 1497 1766 Cherubin
1517 1690 1564 1764 de
1585 1690 1735 1765 Sainte-

393 1830 539 1931 Marie).
560 1878 587 1889 -
606 1833 766 1909 Nomina
793 1833 1002 1931 composita
1029 1833 1218 1929 hispanica
1241 1832 1430 1929 discerpta
1449 1856 1638 1929 nunquam
1657 1832 1735 1906 sue·

394 1991 495 2065 runt;
525 1976 609 2050 hinc
636 1975 757 2075 leges:
788 1978 892 2051 Exea
910 2003 934 2074 y
953 1976 1149 2073 Talayero;
1179 1975 1345 2075 Salgado
1367 1974 1415 2049 de
1434 1975 1595 2050 Somoza
1612 1988 1683 2050 etc.
1704 2018 1733 2030 -

392 2121 433 2195 lu
460 2121 666 2196 nominibus
693 2136 819 2196 autem
847 2121 1001 2219 anglicis
1030 2121 1334 2208 transcribendis,
1365 2144 1516 2216 semper
1542 2119 1728 2207 ultimum,

392 2264 531 2360 quippe
559 2264 661 2362 quod
689 2264 861 2338 familiam
891 2264 1056 2348 denotat,
1087 2264 1334 2362 praemissum
1362 2262 1438 2351 suit,
1469 2288 1527 2340 ex.
1549 2287 1606 2363 gr.
1637 2261 1728 2352 Mill,

392 2404 485 2498 John
512 2405 656 2494 Stuart;
686 2407 862 2492 Maurice,
894 2406 1068 2480 Frederic
1097 2407 1278 2482 Denison.

473 2549 694 2624 Nominibus
717 2575 906 2648 nunquam
934 2551 1096 2625 adiuncti
1124 2552 1273 2625 fuerunt
1300 2550 1395 2624 tituli
1422 2548 1644 2626 conditionis
1672 2550 1733 2626 vel

393 2691 583 2790 dignitatis
610 2694 670 2768 vel
688 2695 790 2776 artis,
812 2694 947 2791 quibus
976 2694 1176 2791 scriptores
1197 2694 1359 2792 insigniti
1378 2710 1493 2782 erant,
1516 2694 1585 2768 nisi
1608 2693 1732 2768 huius·

392 2837 493 2911 modi
512 2836 605 2910 tituli
625 2854 769 2934 partem
788 2838 904 2934 ipsius
923 2837 1182 2936 appellationis
1198 2840 1434 2925 constituere,
1451 2852 1517 2912 aut
1530 2836 1579 2912 ad
1594 2837 1732 2912 discer-

392 2982 553 3055 nendam
581 2981 771 3078 scriptoris
797 3006 998 3077 personam
1027 2980 1164 3079 requiri
1191 2981 1397 3056 videantur.

471 3124 511 3196 ln
548 3124 751 3199 scribendis
788 3124 960 3199 litteris]
999 3120 1147 3227 (vocali)
1184 3138 1223 3197 et
1253 3123 1270 3218 J
1308 3124 1580 3223 (consonante),
1612 3124 1731 3201 secuti

393 3266 595 3351 Romanos,
626 3266 895 3342 distinctionem
925 3291 997 3341 non
1027 3268 1178 3343 lecimus
1206 3268 1242 3339 in
1270 3265 1385 3341 titulis
1412 3266 1544 3354 latinis,
1574 3267 1728 3342 fecimus

391 3424 515 3484 autem
530 3412 566 3483 in
581 3410 660 3484 aliis
679 3409 823 3509 linguis.
846 3411 904 3484 Ne
919 3434 1009 3484 vero
1028 3437 1074 3486 ex
1093 3412 1162 3485 hac
1182 3411 1364 3486 scribendi
1383 3411 1610 3497 diversitate,
1632 3437 1732 3509 quae

390 3556 563 3629 usuvenit
590 3555 763 3652 antiquos
790 3555 886 3629 inter
917 3569 956 3630 et
988 3557 1223 3642 recentiores,
1255 3554 1421 3629 conlusio
1454 3557 1622 3645 oriretur,
1653 3581 1730 3631 uno

391 3698 520 3772 ordine
548 3698 783 3794 alphabetico
809 3714 1007 3796 utramque
1034 3698 1194 3774 litteram
1223 3698 1405 3796 complexi
1433 3725 1573 3775 sumus.

470 3840 630 3935 Quoties
657 3841 764 3937 plura
791 3868 906 3938 opera
933 3843 1042 3916 unius
1069 3842 1312 3939 eiusdemque
1341 3843 1502 3916 auctoris
1539 3842 1729 3917 afferenda

390 4002 494 4073 sunt,
525 3987 654 4061 ordine
691 3986 953 4085 chronologico
990 3988 1226 4061 decretorum
1258 3986 1394 4083 quibus
1430 3987 1617 4084 prohibita
1649 3987 1729 4062 sue-

390 4129 487 4218 runt,
509 4148 767 4219 recensentur;
788 4157 834 4204 ea
851 4147 977 4206 autem
1006 4156 1121 4227 opera
1149 4132 1316 4205 eiusdem
1335 4131 1507 4216 auctoris,
1530 4155 1628 4226 quae
1653 4155 1732 4208 uno

391 4274 599 4373 eodemque
618 4275 769 4350 decreto
793 4277 1001 4373 proscripta
1020 4273 1180 4360 suerunt,
1201 4273 1329 4347 ordine
1348 4273 1593 4371 alphabetico,
1615 4300 1728 4372 quem

391 4419 549 4516 primum
577 4419 850 4494 substantivum
878 4421 914 4493 in
942 4420 1050 4493 titulo
1079 4420 1225 4506 indicat,
1257 4420 1470 4493 afferuntur.

471 4565 614 4639 Omnes
642 4562 735 4638 tituli
762 4565 938 4638 librorum
966 4588 1236 4659 anonymorum
1263 4564 1440 4659 incipiunt
1457 4587 1479 4634 a
1499 4560 1619 4657 primo
1639 4562 1728 4636 sub·

391 4709 563 4793 stantivo,
593 4721 632 4781 et
659 4706 820 4803 quidem,
843 4705 873 4780 si
901 4721 1037 4804 agatur
1063 4707 1112 4779 de
1140 4704 1254 4779 titulis
1282 4704 1414 4792 latinis,
1438 4728 1461 4777 a
1488 4704 1609 4799 primo
1638 4704 1727 4777 sub-

390 4856 553 4929 stantivo
581 4854 617 4928 in
645 4878 733 4927 casu
762 4853 998 4927 nominativo.
1029 4849 1175 4943 Quodsi
1199 4851 1357 4924 sortasse
1380 4849 1464 4922 huic
1492 4849 1727 4922 substantivo

389 5001 650 5096 praemittatur
667 4997 887 5072 vocabulum
906 4996 942 5069 in
965 4993 1038 5068 alio
1057 5021 1144 5070 casu
1164 4993 1430 5092 grammaticali
1454 4993 1628 5089 positum,
1650 5017 1728 5090 quo

390 5169 435 5219 ea
454 5142 569 5219 ferme
587 5142 792 5216 indicantur
810 5165 908 5239 quae
931 5141 966 5213 in
985 5137 1079 5215 libro
1094 5154 1270 5214 contenta
1287 5150 1383 5224 sunt,
1400 5182 1425 5191 -
1442 5138 1479 5212 id
1497 5137 1599 5235 quod
1618 5161 1727 5234 prae·
