4309 6534
925 842 980 898 Cel
998 872 1011 885 ·
1030 842 1096 898 Cen
1655 844 1690 910 83

325 1058 414 1122 clero
447 1078 598 1133 romano,
631 1066 764 1121 trattato
799 1054 976 1134 teologico
1007 1048 1010 1130 !
1042 1056 1153 1117 laneae
1168 1056 1354 1135 opusculum
1373 1054 1398 1117 I
1401 1054 1434 1119 V.
1451 1057 1491 1117 de
1513 1054 1615 1117 libero
1636 1073 1690 1116 ar·

327 1166 462 1249 politico
484 1166 535 1229 del
565 1165 600 1229 C.
619 1165 653 1229 C.
671 1165 705 1230 S.
721 1165 763 1227 R.
792 1184 852 1227 con
880 1183 975 1226 anno·
1007 1169 1010 1252 ¹.
1043 1162 1149 1226 bitrio.
1171 1163 1270 1225 Decr.
1295 1181 1313 1239 3
1335 1169 1409 1244 apr.
1433 1180 1522 1242 1731.

325 1273 444 1337 tazioni
469 1274 521 1337 del
537 1271 714 1335 medesimo
732 1276 858 1334 autore.
876 1270 974 1334 Decr.
1007 1267 1010 1312 ¹
1089 1271 1214 1352 [cene.
1230 1266 1389 1357 charles}
1406 1292 1436 1336 v.
1457 1250 1558 1334 litat
1580 1269 1638 1350 (de
1652 1265 1691 1350 l’)

328 1399 376 1460 15
397 1386 474 1462 sept.
501 1386 590 1460 1766.
1007 1375 1010 1482 Ι
1043 1381 1084 1442 de
1107 1377 1259 1442 l'homme
1281 1377 1375 1459 apres
1397 1378 1427 1440 le
1449 1376 1560 1458 pechd.

374 1488 575 1568 cellariuS,
606 1487 871 1567 christophorus.
905 1484 976 1546 Dis·
1007 1511 1009 1524 ·
1087 1485 1278 1568 *Cenedm
1290 1487 1413 1549 Petrus.
1424 1486 1587 1548 Praeticae
1598 1505 1692 1566 quae·

327 1596 519 1660 sertationes
548 1596 753 1658 academicae
782 1594 861 1656 varii
884 1613 978 1671 argu·
1007 1551 1010 1704 l
1043 1595 1164 1657 stiones
1176 1595 1348 1658 canonicae
1363 1606 1395 1656 et
1411 1593 1530 1669 civiles,
1545 1594 1692 1675 desump

328 1705 427 1767 menti
446 1705 477 1767 in
497 1725 655 1767 summam
679 1703 829 1765 redactae
845 1721 921 1763 cura
944 1710 976 1762 et
1008 1735 1010 1834 p
1043 1713 1095 1764 tae
1117 1724 1156 1764 eir
1180 1702 1346 1766 codicibus
1362 1700 1586 1781 manuscriptis
1606 1700 1691 1763 Petri

327 1812 439 1875 studio
466 1812 523 1876 Io.
560 1811 738 1890 Georgii
772 1806 974 1880 Walchii‚
1008 1849 1010 1906 Ι
1044 1809 1183 1885 Cenedo,
1197 1808 1382 1888 recognitae
1395 1821 1425 1870 et
1438 1822 1552 1870 auctae
1567 1810 1607 1871 ab
1623 1808 1692 1870 eius

328 1917 385 2000 qui
412 1931 445 1981 et
475 1918 732 1982 dissertationem
765 1916 806 1977 de
835 1913 976 1976 auctoris
1008 1923 1010 1930 '
1043 1936 1198 1995 germano
1223 1916 1320 1979 fratre
1339 1917 1458 1979 Ioanne
1482 1916 1690 1995 Hieronymo.

327 2025 396 2088 vita
417 2035 450 2088 et
471 2024 610 2106 scriptis,
627 2024 704 2087 item
725 2022 846 2086 indices
869 2020 975 2100 copio·
1045 2025 1153 2087 Donec
1174 2028 1297 2104 corrig.
1332 2023 1431 2085 Decr.
1455 2042 1475 2104 7
1500 2029 1578 2104 sept.
1601 2029 1690 2101 1643,
1716 2071 1720 2076 .

327 2132 430 2194 siores
460 2131 588 2196 adiecit.
618 2131 783 2213 [Accessit]
814 2126 976 2208 appendix
1008 2139 1010 2234 1
1088 2131 1205 2201 cenni
1228 2130 1394 2210 biograi'ici
1408 2130 1603 2193 deldottore
1618 2131 1692 2192 Fer·

328 2238 466 2300 duarum
512 2238 793 2310 dissertationum,
840 2253 976 2314 quarum
1007 2247 1011 2340 i
1043 2240 1185 2302 dinando
1198 2239 1360 2301 Boccalari
1375 2238 1416 2300 da
1426 2238 1578 2302 Luzzara.
1592 2238 1691 2302 Decr.

329 2357 479 2409 auctores
503 2347 735 2426 respondentes
762 2353 836 2404 sunt
861 2353 892 2402 et
915 2341 976 2402 sub
1008 2355 1010 2376 ²
1044 2352 1063 2409 6
1085 2353 1163 2429 sept.
1187 2353 1280 2426 1870.

328 2453 492 2533 praesidio
522 2464 645 2515 tantum
672 2450 798 2514 Cellarii
830 2448 974 2511 habitae:
1008 2491 1010 2498 -
1088 2453 1334 2534 consor-inus,
1356 2453 1561 2517 Victorianus
1585 2450 1694 2539 [prou.

328 2560 418 2641 prior
441 2561 482 2624 de
504 2560 630 2624 excidio
653 2559 816 2621 Sodomae
845 2569 976 2618 auctore
1043 2560 1697 2649 donymus].Furlurlogioeeverneianae.

331 2668 391 2733 Io.
409 2668 635 2731 Guilielmo
652 2667 800 2729 Baiero
821 2665 975 2738 discussa,
1046 2672 1143 2734 Decr.
1167 2690 1207 2734 ao
1226 2670 1313 2750 febr.
1337 2688 1433 2750 1753.

328 2775 490 2857 posterior
524 2776 565 2838 de
599 2776 734 2838 Pathmo
769 2772 902 2836 Lutheri
936 2771 976 2834 ab
1088 2775 1292 2847 *censura
1309 2797 1421 2840 sacrae
1435 2777 1693 2841 facultatisrhoo.

330 2885 585 2964 Augustino
622 2882 817 2946 Antonio
856 2879 975 2942 habita·
1009 2887 1012 3002 Ι
1044 2886 1169 2967 logicae
1193 2887 1362 2949 duacensis
1386 2886 1418 2948 in
1442 2886 1599 2968 quasdam
1622 2906 1695 2967 pro·

332 2991 431 3054 Decr.
456 3010 497 3071 ²7
521 2993 604 3052 maii
623 3009 712 3071 1732.
1009 3005 1012 3052 i
1045 2995 1223 3076 positiones
1246 2995 1287 3056 de
1302 2994 1409 3074 gratia
1424 2993 1633 3075 depromptas
1652 3002 1695 3055 'ex

376 3131 419 3145 —
447 3096 593 3160 Historia
623 3094 811 3158 universalis
840 3092 978 3155 breviter
1010 3055 1013 3184 l
1046 3102 1176 3164 dictatis
1195 3102 1426 3182 philosophicis
1445 3101 1501 3165 dd,
1522 3100 1694 3180 Lengrand

329 3226 370 3267 ac
393 3205 560 3287 perspicue
583 3205 740 3285 exposita,
758 3202 789 3265 ln
812 3201 978 3280 antiquam
1011 3219 1013 3268 i
1045 3222 1078 3273 et
1110 3210 1289 3284 Marechah
1313 3209 1439 3273 accedit
1467 3208 1630 3289 appendix
1651 3208 1695 3270 ad

329 3325 364 3375 et
379 3313 477 3375 medii
499 3314 568 3375 aevi
589 3334 627 3375 ac
643 3332 758 3374 novam
775 3310 889 3384 divisa,
906 3327 979 3370 cum
1011 3325 1013 3366 i
1046 3337 1175 3380 oausam
1213 3317 1430 3396 professorum
1469 3315 1694 3396 primariorum

331 3420 418 3485 notis
434 3421 607 3502 perpetuis.
625 3422 722 3483 Decr.
739 3440 779 3499 27
795 3421 977 3496 maii1732.
1047 3424 1174 3503 collegii
1196 3424 1286 3503 regii,
1311 3424 1388 3487 item
1420 3424 1574 3485 mantissa
1597 3422 1696 3485 conti·

378 3563 419 3573 -
436 3528 678 3606 programmata
697 3525 777 3587 varii
798 3521 979 3603 argumenti
1011 3493 1014 3526 Ι
1047 3553 1124 3594 nens
1136 3551 1302 3593 censuram
1314 3531 1345 3592 in
1361 3530 1531 3610 epistolam
1542 3530 1695 3611 scriptam

330 3632 482 3697 oratoriis
499 3632 660 3695 exercitiis
679 3632 711 3694 in
729 3629 870 3693 citicensi
890 3630 979 3709 lycco
1012 3603 1014 3642 Ι
1048 3639 1154 3702 abEr,
1170 3639 1352 3701 D,Piorart,
1366 3638 1694 3717 Decr,1oiul.1725.

331 3740 517 3835 praemissa,
528 3739 736 3820 eiusdemque
748 3739 909 3800 orationes
926 3734 981 3797 ibi·
1012 3715 1015 3804 Ι,
1049 3747 1157 3808 Donec
1179 3748 1301 3826 corrig.
1327 3765 1365 3823 31
1380 3765 1458 3826 aug.
1486 3749 1577 3825 1728.

332 3847 802 4035 clljpuinplssuzturiorelpopsessu
818 3855 978 3908 recitatae.
1012 3897 1014 3950 Ι
1045 3964 1056 4024 l
1091 3855 1296 3975 pcenspra
1311 3852 1696 4023 rporposlppoirarisriroo.

388 3976 434 4019 cr.
578 3976 603 4017 u
668 3975 717 4031 3.
1012 4001 1014 4042 i
1058 3982 1152 4040 ogiae
1176 3981 1360 4042 parisiensis
1384 3981 1415 4022 in
1452 3981 1566 4035 irum,
1584 3980 1635 4022 cui
1659 3971 1696 4021 ti·

378 4060 399 4106 *
421 4061 611 4141 00110fl1¹⁸2
636 4061 830 4124 LUdOViCUS·
845 4061 895 4122 De
918 4058 981 4121 hie*
1012 4131 1014 4140 ,
1048 4071 1134 4133 tulus
1147 4082 1205 4131 est:
1219 4068 1376 4131 Amadaei
1389 4067 1549 4129 Guimenii
1562 4087 1697 4147 opuscu-

332 4171 461 4235 rarchia
490 4184 523 4234 et
553 4169 728 4233 hierarchis
757 4169 831 4231 libri
858 4185 912 4243 lx,
949 4168 981 4230 in
1013 4169 1015 4174 ’
1047 4177 1114 4239 lum
1139 4176 1314 4255 singularia
1338 4176 1506 4238 universae
1529 4175 1697 4238 seretheo·

333 4280 451 4363 quibus
467 4278 680 4360 pulcherrima
692 4275 904 4357 dispositione
916 4295 981 4337 om·
1013 4283 1016 4360 i
1047 4285 1153 4363 iogiae
1184 4283 1314 4345 moralis
1345 4281 1569 4362 complectens,
1597 4282 1697 4345 Bulla

334 4409 393 4451 nes
421 4387 609 4450 hierarchici
638 4386 761 4466 gradus
791 4397 824 4447 et
851 4385 981 4446 ordines
1013 4367 1016 4410 ¹
1048 4393 1145 4453 Alex.
1179 4388 1250 4453 VII.
1275 4407 1322 4467 25
1346 4392 1413 4452 iun.
1438 4395 1533 4467 1665.

333 4495 545 4576 explicantur.
566 4495 674 4557 Donec
683 4497 806 4573 corrig.
820 4493 918 4557 Decr.
942 4512 982 4555 20
1093 4499 1113 4575 †
1128 4497 1296 4565 Censura
1311 4516 1422 4559 sacrae
1436 4496 1596 4559 facultatis
1611 4496 1699 4558 theo

334 4626 407 4669 nou.
431 4612 521 4683 1641.
1014 4485 1017 4602 d
1050 4605 1155 4683 logiae
1179 4603 1363 4683 parisiensis
1387 4603 1419 4666 in
1446 4604 1573 4677 librum,
1586 4603 1637 4666 cui
1662 4602 1698 4665 ti·

381 4747 426 4760 —
449 4712 594 4776 Historia
613 4711 831 4774 Gotteschalci
853 4709 983 4791 praede·
1051 4712 1135 4774 tulus
1151 4722 1210 4772 est:
1228 4711 1275 4771 La
1288 4707 1415 4773 defense
1428 4710 1469 4773 de
1484 4707 1644 4773 l'autorite
1658 4709 1699 4770 de

334 4820 499 4884 stinatiani
512 4820 543 4881 iii
555 4820 655 4882 libros
669 4819 810 4901 quinque
822 4817 982 4890 distincta,
1016 4805 1019 4938 ι
1052 4841 1082 4881 n.
1107 4840 1132 4881 s.
1157 4839 1188 4897 p.
1217 4819 1245 4879 le
1274 4839 1375 4897 pape,
1405 4817 1446 4880 de
1473 4818 1698 4896 nosseigneurs

335 4928 454 5010 quibus
469 4927 594 4989 accedit
606 4928 767 5008 appendix
783 4925 985 4987 miscellanea
1016 4943 1019 5003 ς
1052 4927 1098 4988 les
1121 4925 1313 4999 cardinaux,
1339 4925 1384 4987 les
1412 4926 1644 5005 archevesques
1667 4935 1700 4985 et

335 5057 378 5098 ex
400 5035 562 5115 opusculis
578 5035 719 5097 nondum
739 5032 835 5095 editis
850 5031 985 5112 aliisque
1017 5087 1019 5117 ἰ
1052 5032 1224 5113 evesques,
1250 5044 1282 5093 et
1306 5031 1347 5092 de
1370 5028 1521 5111 l’employ
1551 5032 1609 5094 des
1632 5028 1700 5092 reli·

334 5142 527 5207 tractatibus
551 5143 701 5205 historiae
724 5142 825 5202 lucem
842 5140 986 5201 allaturis
1018 5159 1020 5188 2
1053 5141 1149 5218 gieux
1172 5138 1352 5201 mendiants
1375 5148 1484 5199 contre
1508 5139 1553 5199 les
1576 5157 1700 5201 erreurs

336 5251 484 5316 collecta.
500 5251 641 5332 Propter
663 5251 848 5332 appenderit
867 5251 985 5311 miscel·
1018 5260 1021 5335 ᾗ
1053 5250 1096 5310 de
1118 5268 1154 5310 ce
1177 5258 1299 5328 temps,
1323 5266 1382 5328 par
1401 5247 1538 5329 Jacques
1562 5246 1604 5309 de
1625 5245 1701 5307 Ver·
