4309 6534
390 766 431 832 24
959 781 1175 829 cousnrvno

390 981 536 1046 tentiam
556 982 700 1064 aperire,
722 1000 812 1065 quae
833 982 963 1064 pariter
983 982 1113 1065 scripto
1138 990 1315 1064 concepta,
1336 982 1437 1048 nobis
1456 981 1527 1047 iam
1547 990 1634 1047 tunc
1654 980 1744 1046 exhi·

392 1116 464 1180 bita
484 1115 557 1181 fuit.
579 1117 736 1200 Cumque
757 1118 844 1180 haec
865 1116 981 1181 omnia
1001 1116 1186 1200 diligenter
1210 1116 1302 1198 apud
1322 1134 1388 1181 nos
1408 1124 1591 1180 asservata
1610 1114 1743 1196 fuerint,

391 1270 485 1317 nunc
506 1254 647 1318 demum
667 1262 824 1319 veterem
845 1253 1128 1318 deliberationem
1147 1261 1304 1318 nostram
1324 1261 1558 1333 resumentes,
1584 1251 1745 1334 quemad·

392 1389 535 1454 modum
556 1408 606 1471 ea,
628 1408 717 1472 quae
738 1391 783 1454 ad
803 1389 970 1454 librorum
991 1408 1140 1454 examen
1159 1398 1265 1471 atque
1288 1387 1454 1452 iudicium
1480 1387 1517 1452 in
1541 1386 1745 1469 primodicta

392 1521 673 1607 Congregatione
693 1524 805 1588 sancti
825 1523 936 1588 Officii
955 1524 1195 1607 peragendum
1215 1522 1373 1606 pertinet,
1394 1521 1604 1587 auctoritate
1628 1529 1745 1587 nostra

393 1657 705 1741 constabilivimus;
732 1659 781 1723 ita
809 1658 914 1723 etiam
941 1677 984 1724 ea
1011 1677 1101 1741 quae
1128 1660 1173 1723 ad
1194 1658 1511 1743 congregationem
1539 1658 1685 1739 Indicis,
1712 1666 1745 1722 et

394 1793 549 1857 eiusdem
569 1793 709 1876 generis
728 1793 869 1876 negotia
890 1794 983 1875 apud
1004 1812 1083 1858 eam
1103 1795 1287 1859 tractanda
1308 1794 1424 1858 facere
1444 1801 1600 1875 possunt,
1626 1810 1746 1875 oppor-

392 1926 485 1991 tunis
506 1926 656 1991 decretis
684 1927 895 1992 constituere
921 1930 1100 2009 volenteS,
1125 1928 1342 2010 praelaudati
1362 1928 1556 1992 Cardinalis
1578 1926 1746 1992 Praefecti

393 2059 562 2140 consiliis,
585 2060 825 2144 dictorumque
846 2063 1086 2126 consultorum
1106 2062 1198 2127 votis
1217 2062 1450 2143 inhaerendo,
1475 2063 1564 2127 haec
1584 2061 1745 2143 deinceps

392 2197 565 2261 servanda
586 2196 814 2261 decernimus.

472 2332 490 2410 §
509 2330 539 2394 8.
560 2328 650 2394 Cum
673 2329 908 2415 congregatio
936 2331 1062 2397 Indicis
1089 2333 1135 2396 ad
1162 2333 1330 2397 librorum
1357 2349 1543 2397 censuram
1564 2331 1686 2412 unice,
1710 2338 1746 2395 ut

394 2463 525 2528 dictum
546 2472 608 2545 est,
623 2464 788 2546 instituta,
803 2484 874 2530 non
893 2465 942 2529 ita
962 2466 1086 2530 crebro
1108 2466 1295 2530 convocari
1315 2467 1435 2546 soleat,
1450 2473 1489 2528 ut
1503 2465 1616 2528 altera
1637 2462 1745 2528 sancti

394 2597 504 2662 Officii
524 2598 767 2682 Congregatio,
789 2617 879 2681 quae
903 2601 948 2664 ob
972 2618 1166 2682 causarum,
1188 2609 1223 2665 et
1244 2601 1464 2685 negotiorum
1492 2599 1746 2665 multitudinem

395 2732 541 2816 singulis
560 2733 786 2797 hebdomadis
806 2742 861 2797 ter
880 2734 1000 2798 haberi
1021 2735 1221 2817 consuevit,
1242 2735 1335 2800 illius
1355 2743 1540 2818 propterea
1560 2732 1746 2800 secretario

393 2863 570 2946 peculiare
590 2882 718 2929 munus
741 2875 776 2930 et
797 2865 965 2947 officium,
987 2866 1176 2949 recipiendi
1196 2868 1363 2932 librorum
1384 2866 1689 2946 denunciationes,
1711 2873 1747 2928 ut

393 2999 469 3065 fieri
488 3000 558 3064 iam
578 3010 659 3065 ante
681 2963 879 3082 consuevit,
905 3000 1154 3065 committimus
1181 3009 1216 3065 et
1244 3001 1504 3065 demandamus.
1533 3000 1566 3065 Is
1590 3008 1747 3063 autema

393 3133 471 3198 libri
491 3134 647 3199 delatore
667 3134 951 3217 percunctabitur
972 3134 1175 3218 diligenter,
1201 3153 1288 3217 quas
1309 3135 1354 3198 ob
1374 3152 1500 3199 causas
1520 3134 1619 3199 illum
1640 3132 1748 3216 prohi-

394 3270 468 3335 beri
487 3272 648 3353 postulet,
670 3279 745 3335 tum
769 3271 895 3335 librum
918 3270 1033 3353 ipsum
1057 3270 1153 3335 haud
1176 3269 1409 3352 perfunctorie
1433 3270 1626 3351 pervolvet,
1648 3278 1687 3333 ut
1707 3268 1747 3332 de

393 3406 590 3489 propositae
610 3405 843 3471 accusationis
863 3405 1086 3470 subsistentia
1107 3413 1313 3487 cognoscat;
1335 3405 1471 3469 duobus
1491 3404 1598 3469 etiam
1616 3404 1654 3468 in
1674 3420 1747 3468 eam

394 3558 470 3604 rem
490 3539 651 3604 adhibitis
679 3540 948 3621 consultoribus,
973 3541 1018 3604 ab
1045 3539 1134 3621 ipso,
1160 3539 1303 3621 praevia
1330 3539 1457 3604 summi
1477 3538 1670 3619 Pontificis,
1691 3545 1748 3602 aut

394 3673 587 3739 Cardinalis
601 3674 780 3757 Praefecti,
796 3676 853 3739 vel
868 3673 942 3738 eius
956 3673 1015 3755 qui
1032 3673 1203 3738 Praefecti
1223 3673 1319 3737 vices
1340 3675 1486 3755 supplet,
1501 3672 1748 3755 approbatione

396 3809 579 3893 eligendis:
600 3827 749 3892 quorum
770 3811 897 3873 collato
922 3807 1082 3887 consilio,
1107 3806 1137 3871 si
1160 3806 1247 3871 liber
1272 3824 1420 3871 censura
1451 3816 1486 3870 et
1509 3815 1595 3870 nota
1625 3806 1749 3890 dignus

395 3941 564 4022 videatur,
585 3960 676 4008 unus
696 3942 820 4024 aliquis
844 3942 974 4006 relator
997 3943 1042 4005 ad
1067 3941 1248 4006 ferendum
1272 3942 1316 4005 de
1341 3960 1383 4005 eo
1406 3940 1572 4004 iudicium
1595 3940 1747 4017 idoneus

395 4078 488 4143 illius
507 4097 632 4161 nempe
653 4078 836 4158 facultatis,
858 4077 902 4140 de
922 4096 991 4160 qua
1010 4077 1047 4141 in
1071 4076 1158 4140 libro
1183 4076 1307 4159 agitur,
1329 4076 1469 4157 perituS,
1491 4075 1624 4156 eadem,
1647 4090 1749 4157 quam

395 4231 506 4295 nuper
525 4212 708 4291 innuimus,
723 4212 858 4276 ratione
879 4210 1061 4293 eligendus
1075 4209 1149 4288 erit,
1164 4208 1224 4290 qui
1237 4208 1366 4290 scripto
1388 4208 1516 4272 referat
1536 4208 1750 4272 animadver-

396 4347 511 4411 siones
531 4364 621 4425 suas,
637 4345 811 4409 adnotatis
830 4344 967 4428 paginis
987 4344 1112 4427 quibus
1131 4343 1269 4426 singula
1289 4343 1334 4406 ab
1354 4342 1430 4425 ipso
1447 4343 1662 4424 reprehensa
1676 4360 1750 4406 con·

396 4482 559 4545 tinentur.
579 4480 648 4545 Sed
668 4490 855 4562 antequam
870 4481 944 4544 eius
958 4497 1107 4543 censura
1121 4479 1165 4541 ad
1180 4477 1416 4542 Cardinalium
1434 4476 1750 4560 Congregationem

397 4618 536 4696 feratur,
551 4616 671 4680 haberi
685 4618 847 4680 volumus
867 4616 1039 4698 privatam
1053 4616 1292 4679 consultorum
1314 4611 1632 4696 congregationem,
1647 4628 1750 4695 quam

397 4754 480 4818 olim
509 4763 665 4835 parvam
694 4753 868 4833 dixerunt,
896 4771 962 4817 nos
988 4759 1107 4815 autem
1133 4749 1443 4832 praeparatorium
1470 4748 1689 4829 vocabimus,
1713 4755 1750 4811 ut

397 4890 557 4955 relatoris
587 4887 944 4954 animadversionibus
974 4888 1020 4951 ad
1047 4886 1174 4950 librum
1202 4883 1351 4965 collatiS,
1377 4884 1420 4948 de
1449 4901 1570 4947 earum
1597 4885 1750 4966 pondere

396 5024 562 5088 iudicium
581 5024 651 5088 fiat.
672 5022 879 5086 Huiusmodi
906 5020 1134 5114 congregatio
1162 5020 1271 5084 semel
1299 5016 1439 5081 omnino
1463 5016 1611 5101 singulis
1631 5016 1751 5082 mensi·

397 5161 471 5239 bus,
485 5167 546 5222 aut
560 5157 665 5222 etiam
679 5155 825 5238 saepius,
840 5155 871 5220 si
884 5154 1083 5237 oportuerit,
1105 5155 1150 5217 ab
1169 5154 1244 5236 ipso
1259 5152 1550 5237 congregationis
1562 5153 1765 5219 secretario·
