4309 6534
972 814 1036 868 Atv
1054 844 1069 854 -
1088 814 1163 868 Amr

394 1042 477 1105 tum,
510 1029 573 1092 hoc
602 1042 652 1092 ast
682 1028 840 1110 seraphici
875 1028 1036 1092 Francisci

393 1121 477 1201 ritae
499 1150 573 1201 acta
595 1137 638 1199 ad
653 1137 774 1200 Christi
790 1138 821 1202 d.
839 1158 870 1201 n.
887 1137 986 1200 vitam
1005 1150 1038 1201 et

393 1258 527 1309 mortem
552 1246 697 1325 regulata
713 1258 745 1307 et
760 1256 920 1325 coaptata.
938 1247 1036 1310 Decr.

394 1356 494 1418 tirel.
518 1360 620 1432 1655.

436 1457 598 1539 Alvisei,
634 1458 810 1537 Virginius.
850 1456 1037 1521 Murenulae

393 1586 502 1629 sacrae
525 1566 626 1628 vestis
648 1587 787 1647 sponsae
810 1566 896 1645 regis
916 1566 1035 1628 aeterni

391 1673 628 1749 vermiculatae,
642 1694 725 1754 opus
742 1674 783 1736 de
795 1673 972 1753 privilegiis
988 1693 1037 1736 or-

392 1781 500 1844 diuum
532 1781 738 1860 regularium.
775 1782 873 1845 Decr.
906 1799 944 1862 17
966 1802 1035 1845 nov.

393 1894 482 1967 1664.

433 1995 456 2041 *
486 1997 648 2078 Alzedo,
686 1996 862 2059 Mauricius
900 1997 951 2061 de.
990 1998 1040 2058 De

392 2103 615 2186 praecellentia
641 2104 834 2184 episcopalis
857 2104 1034 2183 dignitatis,

393 2214 496 2294 deque
518 2212 661 2293 episcopi
684 2213 899 2275 functionibus
921 2232 960 2274 ac
983 2233 1037 2291 po·

392 2331 517 2395 testate,
534 2341 658 2383 necnon
680 2319 722 2382 de
743 2319 902 2399 generalis
924 2319 1035 2382 vicarii

392 2428 585 2493 auctoritate
607 2440 639 2490 et
662 2428 864 2491 muneribus:
888 2448 971 2507 opus
991 2427 1035 2490 bi-

393 2535 557 2617 partitum.
584 2538 693 2599 Donec
722 2538 846 2615 corrig.
871 2536 970 2598 Decr.
995 2554 1035 2597 ro

393 2645 453 2708 dec.
477 2650 568 2722 1631.

433 2752 607 2819 amabed
646 2748 932 2837 [pseudonymus]
973 2751 1035 2811 Les

392 2859 511 2934 lettres,
529 2858 688 2922 traduites
711 2880 771 2940 par
792 2856 898 2922 l'abbe
920 2860 1036 2920 Tam·

394 2968 649 3047 ponet.l)ecr.
665 2969 781 3029 rmoii
790 2985 879 3047 1779.
893 2986 921 3029 v.
939 2965 1036 3028 Vol-

393 3074 518 3138 taire.

433 3182 621 3262 Amabile,
636 3179 742 3260 Luigi.
762 3182 788 3243 11
804 3193 898 3243 santo
919 3180 1035 3244 Officio

393 3290 474 3351 della
505 3288 720 3370 inquisizione
743 3289 774 3350 in
798 3288 926 3367 Napoli,
954 3309 1033 3350 nar·

394 3396 518 3460 rarione
547 3415 609 3458 con
639 3395 730 3458 molti
759 3395 942 3460 documenti
974 3396 1035 3459 ine-

395 3503 459 3567 diti.
486 3504 585 3567 Decr.
610 3523 651 3582 14
673 3506 732 3566 iul.
758 3507 848 3580 1893.

436 3614 614 3691 Amama,
642 3609 795 3673 Sixtinus.
832 3610 1036 3672 Anti-barba·

396 3739 444 3781 rus
479 3717 615 3782 biblicus
649 3717 733 3780 libro
760 3730 876 3798 quarto
902 3727 1033 3791 auctus;

395 3827 524 3889 accessit
540 3825 683 3888 eiusdem
699 3825 979 3888 commentariolus
995 3826 1036 3887 de

396 3932 524 3996 decimis
564 3932 726 3997 mosaicis.
763 3933 861 3997 Decr.
892 3951 933 3994 21
964 3953 1034 3996 nov.

396 4060 482 4121 1707.

1708 829 1742 881 43

1149 1030 1321 1109 amatus,
1351 1029 1499 1094 Michael.
1531 1032 1581 1092 De
1607 1029 1743 1111 piscium

1104 1148 1202 1216 atque
1214 1136 1321 1199 avium
1333 1158 1406 1200 esus
1419 1138 1651 1200 consuetudine
1660 1138 1748 1218 apud

1105 1244 1263 1324 quosdam
1297 1244 1417 1307 Christi
1450 1244 1561 1307 fideles
1594 1246 1626 1307 in
1659 1257 1746 1308 ante

1104 1353 1247 1431 paschali
1272 1352 1398 1428 ieiuni0,
1431 1353 1616 1416 dissertatio
1647 1354 1746 1417 histo·

1105 1459 1549 1540 rico-phisiologicomoralis.
1582 1462 1680 1525 Decr.
1705 1467 1746 1524 16

1104 1568 1163 1629 iul.
1188 1585 1283 1648 1725.

1147 1670 1168 1718 *
1183 1678 1344 1758 Amaya
1357 1676 1545 1739 Franciscus
1562 1678 1611 1741 de.
1629 1678 1744 1741 Intres

1104 1783 1299 1863 posteriores
1322 1785 1421 1848 libros
1437 1785 1559 1848 codicis
1575 1786 1744 1866 imperato·

1103 1891 1147 1953 ris
1161 1890 1326 1954 Iustiniani
1343 1892 1564 1956 commentarii
1574 1916 1583 1968 ;
1601 1892 1745 1955 succedit

1103 1997 1253 2078 apologia
1284 2019 1344 2079 pro
1375 2012 1498 2063 statuto
1527 1999 1655 2078 collegii
1682 2021 1746 2061 ma·

1104 2103 1179 2166 ioris
1206 2106 1395 2168 conchensis
1422 2117 1533 2170 contra
1552 2106 1742 2169 calumniam

1104 2211 1232 2273 Ioannis
1253 2211 1293 2273 de
1309 2214 1469 2290 Escobar;
1486 2227 1593 2278 tomus
1610 2215 1743 2296 primus.

1104 2317 1214 2379 Donec
1234 2322 1358 2400 corrig.
1383 2322 1481 2385 Decr.
1506 2327 1547 2384 18
1566 2323 1627 2385 dec.
1652 2328 1742 2401 1646.

1147 2425 1406 2495 Ambiasciata
1429 2426 1482 2510 (l’)
1505 2429 1538 2492 di
1563 2430 1702 2493 Romolo
1724 2451 1744 2491 a

1106 2532 1254 2597 Romani.
1290 2536 1388 2601 Decr.
1420 2543 1461 2601 16
1491 2541 1560 2602 iun.
1585 2543 1682 2618 1671.
1713 2559 1743 2602 v.

1104 2641 1207 2717 Leti,
1232 2643 1401 2723 Gregorio.

1148 2723 1246 2823 Arne
1268 2748 1322 2836 (de
1337 2748 1374 2832 l')
1389 2764 1423 2815 et
1438 2752 1480 2813 de
1499 2771 1559 2815 son
1582 2752 1745 2816 immorta-

1103 2859 1167 2924 tite.
1186 2861 1283 2922 Decr.
1301 2879 1342 2938 ²4
1356 2861 1441 2921 maii
1460 2879 1549 2941 1771.
1571 2881 1602 2925 v.
1627 2859 1745 2922 Mira-

1104 2969 1217 3042 baud,
1233 2967 1473 3049 jean-Baptiste
1488 2968 1537 3031 de.
1560 2990 1589 3031 v.
1610 2969 1746 3031 Monde

1102 3074 1171 3159 (le),
1196 3097 1255 3139 son
1278 3075 1403 3152 origine
1426 3086 1458 3137 et
1480 3096 1539 3138 son
1561 3072 1729 3157 antiquitd.

1138 3183 1396 3253 Ametincourt
1406 3179 1432 3268 [
1421 3186 1659 3264 pseudonymus
1652 3180 1679 3270 ]
1684 3233 1690 3247 .
1698 3184 1744 3244 La

1103 3291 1227 3353 science
1258 3291 1300 3352 du
1331 3289 1424 3364 salut,
1456 3288 1629 3352 renfermee
1663 3290 1744 3352 dans

1103 3419 1155 3460 ces
1171 3398 1255 3459 deux
1274 3396 1418 3478 paroles:
1442 3396 1464 3458 il
1481 3419 1502 3476 y
1517 3418 1537 3458 a
1553 3418 1614 3477 peu
1631 3394 1743 3470 d'elus,

1103 3525 1144 3567 ou
1164 3503 1258 3567 traite
1271 3504 1483 3585 dogmatique
1497 3525 1554 3566 sur
1568 3504 1598 3566 le
1613 3506 1745 3567 nombre

1103 3613 1161 3674 des
1176 3610 1254 3675 dlus.
1269 3613 1368 3675 Decr.
1382 3632 1420 3690 30
1432 3614 1491 3675 iul.
1500 3617 1590 3691 1708.
1605 3632 1634 3676 v.
1648 3613 1745 3674 Des-

1103 3720 1232 3782 bords
1256 3719 1327 3780 des
1351 3718 1523 3794 Doires,
1548 3718 1681 3783 Olivier.

1149 3827 1302 3896 Amelot
1323 3828 1369 3891 de
1390 3827 1429 3891 la
1452 3826 1671 3910 Houssaye,
1691 3827 1745 3889 Ni·

1106 3934 1383 3998 colasAbraham.
1420 3933 1565 3996 Histoire
1596 3933 1640 3995 du
1667 3954 1744 4012 gou-

1104 4054 1289 4104 vernement
1309 4042 1350 4104 de
1365 4041 1492 4104 Venise.
1510 4042 1609 4104 Decr.
1627 4041 1662 4105 S.
1680 4041 1742 4122 Off.

435 4148 588 4230 Amari,
604 4148 750 4212 Michele.
767 4148 876 4213 Storia
894 4148 946 4211 dei
963 4150 1034 4210 Mu·
1092 4150 1160 4229 ser.
1195 4149 1229 4212 V.
1253 4167 1274 4210 2
1296 4149 1359 4211 dec.
1385 4155 1473 4228 1677.

397 4256 527 4317 aulmsni
551 4255 584 4317 di
609 4254 728 4330 Sicilia,
760 4254 890 4318 volume
918 4254 1033 4335 primo.

397 4362 489 4425 Decr.
515 4381 556 4424 22
578 4368 675 4425 marl.
701 4367 804 4440 1855.

435 4471 562 4549 Amat,
574 4469 674 4535 Felix.
688 4469 809 4532 Diser'ro
825 4469 866 4531 de
878 4469 909 4531 la
921 4470 1034 4549 iglesia

399 4576 549 4640 militante
571 4575 592 4639 ὁ
615 4596 706 4639 suma
730 4577 772 4639 de
793 4576 824 4638 la
843 4576 957 4655 iglesia
974 4578 1034 4639 ins·

399 4681 507 4746 tituida
530 4704 592 4765 por
614 4683 644 4746 el
667 4684 734 4766 hiJ'o
758 4684 799 4745 de
826 4684 907 4746 Dios
932 4686 1034 4747 hecho

398 4790 534 4868 hombre,
563 4793 641 4854 obra
672 4789 831 4871 pbstunra.
864 4792 962 4855 Decr.
994 4812 1034 4873 27

400 4918 463 4962 nov.
487 4904 578 4978 1840.

438 5003 581 5094 [Amat
605 5006 719 5088 Felix}
745 5027 774 5070 v.
796 5006 936 5070 Padus
959 5009 1034 5071 Me-

399 5111 501 5195 lado,
516 5114 670 5177 Macerio.
683 5112 937 5178 Observaciones
951 5115 1033 5195 paci-

399 5218 477 5288 ficas.

1141 4291 1187 4303 —
1216 4253 1426 4336 Suppldment
1455 4253 1475 4317 a
1505 4251 1669 4317 l'histoire
1699 4257 1743 4317 du

1102 4374 1354 4442 gouvernement
1391 4362 1432 4423 de
1469 4362 1603 4426 Venise.
1638 4363 1742 4426 Decr.

1103 4470 1138 4534 S.
1166 4469 1229 4551 Off
1253 4468 1318 4547 ser.
1353 4469 1385 4533 V.
1414 4472 1632 4550 adec.1677.

1145 4612 1190 4625 -
1212 4574 1233 4621 *
1255 4575 1366 4639 Tacite
1388 4597 1467 4640 avec
1490 4577 1547 4639 des
1571 4590 1663 4639 notes
1689 4597 1745 4658 po·

1102 4684 1230 4765 litiques
1238 4695 1271 4745 et
1279 4683 1486 4765 historiques.
1499 4685 1609 4746 Donec
1619 4687 1741 4764 corrig.

1103 4792 1199 4853 Decr.
1225 4809 1266 4870 17
1289 4793 1347 4854 iul.
1373 4810 1475 4870 1719,·
1501 4799 1614 4872 3apr.
1642 4811 1731 4872 1731.

1146 4897 1344 4971 Ameslus,
1384 4897 1583 4961 Guilelmus.
1635 4898 1744 4981 Opera

1101 5007 1219 5068 omnm.
1252 5005 1348 5067 Decr.
1381 5023 1421 5080 29
1452 5011 1549 5068 marr.
1574 5011 1678 5075 1661:
1703 5026 1744 5069 ιο

1102 5115 1186 5174 maii
1205 5130 1302 5193 1757.

1147 5219 1292 5301 Amice,
1315 5220 1392 5284 I.-F.
1418 5219 1547 5282 Manuel
1573 5220 1614 5283 de
1643 5219 1743 5301 philo
