4309 6534
483 814 537 856 220

478 1012 575 1078 Decr.
611 1014 647 1079 S.
686 1012 749 1097 Off.
776 1013 847 1095 ser.
888 1014 922 1080 V.
958 1034 998 1078 2ο
1031 1020 1128 1079 mart.

477 1126 566 1201 1766.

519 1228 762 1311 Moshemlus,
779 1232 912 1295 Ioannes
929 1231 1127 1296 Laurentius.

478 1333 714 1401 Commentario
748 1339 1127 1417 historico-theologica,

475 1464 539 1524 qua
554 1444 751 1508 nobilissima
767 1446 983 1509 controversia
999 1447 1041 1508 de
1056 1465 1128 1509 con-

475 1552 705 1615 secrationibus
720 1553 943 1633 episcoporum
959 1553 1126 1632 anglorum

475 1671 655 1721 recensetur
666 1673 698 1722 et
714 1660 978 1741 diiudicatur,pro
994 1662 1128 1724 summis

475 1763 507 1826 in
526 1764 688 1845 theologia
710 1766 884 1830 honoribus
908 1768 941 1830 in
962 1769 1126 1832 academia

475 1870 559 1943 iulia,
576 1873 776 1952 praesidente
791 1876 836 1939 Io.
856 1876 1028 1939 Laurentio
1043 1878 1128 1939 Mos·

477 1978 600 2055 hemio‚
637 1981 817 2061 conscripta
851 1996 883 2045 et
913 1983 1056 2047 exhibita
1087 1986 1127 2046 ab

476 2085 1132 2170 OlaoKidrningio.Decr.5mair‘

475 2210 571 2274 1750.

520 2336 565 2349 -
581 2303 798 2367 institutiones
819 2305 970 2368 historiae
985 2306 1128 2370 christia-

476 2429 535 2470 nae
573 2409 730 2485 maiores,
774 2411 935 2474 saeculum
978 2413 1126 2492 primum.

476 2515 574 2581 Decr.
600 2535 639 2576 11
661 2523 739 2600 sept.
764 2536 859 2597 1750.

519 2659 563 2673 -
579 2625 796 2689 institutiones
817 2626 969 2689 historiae
984 2628 1128 2690 christia·

475 2749 534 2793 nae
556 2730 754 2811 antiquioris.
775 2732 873 2796 Decr.
889 2751 929 2795 2ο
946 2753 1015 2798 nov.
1031 2751 1071 2814 17
1072 2750 1126 2811 5²·

519 2871 562 2887 -
582 2838 800 2901 institutiones
817 2838 968 2902 historiae
984 2840 1128 2903 christia·

474 2963 533 3007 nae
556 2945 749 3010 recentioris.
774 2946 871 3011 Decr.
887 2966 927 3009 2ο
944 2967 1012 3012 nov.
1030 2965 1070 3028 17
1071 2965 1125 3025 52.

518 3087 562 3101 -
576 3050 597 3097 *
613 3054 881 3115 Dissertationum
901 3056 942 3116 ad
960 3054 1125 3117 historiam

472 3160 717 3224 ecclesiasticam
735 3161 957 3240 pertinentium
978 3162 1126 3225 volumen

474 3268 611 3348 primum
642 3280 674 3331 et
697 3268 841 3334 alterum.
866 3270 975 3332 Donec
1003 3273 1125 3350 com'g.

474 3375 572 3441 Decr.
596 3395 636 3438 20
651 3376 741 3455 febr.
767 3394 806 3456 17
807 3393 860 3455 53.

518 3517 564 3533 -
587 3506 616 3549 v.
641 3482 852 3555 Millerus,
885 3485 1042 3548 Iohannes
1075 3487 1128 3547 Pe·

474 3603 552 3657 trus.
582 3592 753 3654 Moshemii
785 3592 999 3656 institutiones
1031 3594 1129 3656 histo

474 3701 539 3762 riae
563 3699 595 3761 in
617 3701 841 3779 compendium
866 3702 1022 3765 redactae.

517 3840 563 3854 —
586 3828 615 3871 v.
642 3807 860 3883 Halesius,
893 3810 1034 3873 Ioannes.
1073 3809 1128 3871 Hi·

474 3914 573 3978 storia
596 3915 720 3977 concilii
745 3916 944 3981 dordraceni.

1068 803 1138 861 lior
1155 834 1169 847 ·
1187 805 1260 875 ttoy

1188 1014 1325 1078 thedrali
1341 1014 1530 1079 hariemensi
1557 1013 1671 1102 [Opus
1686 1022 1846 1101 comeriff

1187 1126 1256 1185 tum
1275 1143 1295 1183 a
1316 1123 1489 1186 Bernardo
1509 1124 1615 1204 Zeger
1641 1124 1708 1187 Van
1724 1126 1845 1206 Espen,

1187 1231 1308 1292 editum
1323 1252 1344 1293 a
1362 1231 1508 1293 Mortino
1521 1233 1560 1294 de
1576 1228 1724 1319 SwaenJ.
1741 1232 1851 1296 Brevi

1191 1333 1289 1401 Clem.
1314 1338 1375 1402 XI.
1398 1357 1420 1416 4
1441 1342 1498 1402 oct.
1515 1355 1605 1418 1707.

1232 1443 1422 1511 Motivttm
1446 1444 1524 1507 iuris
1547 1465 1606 1525 pro
1629 1466 1693 1511 rev.
1711 1447 1743 1511 d.
1758 1445 1846 1513 Guil.

1187 1572 1250 1614 van
1280 1551 1321 1614 de
1344 1553 1445 1615 Nesse
1479 1554 1565 1632 apud
1597 1564 1742 1616 senatum
1770 1553 1848 1616 Bra·

1187 1658 1313 1721 bantiae
1335 1659 1533 1740 supplicante
1556 1673 1666 1723 contra
1690 1660 1848 1740 archiepi-

1187 1785 1319 1845 scopum
1332 1766 1599 1833 mechliniensem.
1618 1767 1714 1832 Decr.
1729 1768 1764 1833 S.
1780 1767 1846 1851 Off.

1188 1878 1227 1935 2ό
1248 1879 1304 1937 oct.
1329 1891 1419 1954 1707.
1444 1895 1472 1940 o.
1497 1875 1583 1938 Van
1606 1876 1757 1955 Espen‚
1789 1876 1847 1938 Ze·

1188 2001 1246 2060 ger
1270 1982 1460 2047 Bernardus.

1231 2121 1276 2134 —
1298 2088 1472 2168 Appendix
1506 2090 1548 2151 ad
1584 2089 1740 2154 motivum
1765 2090 1847 2153 iuris

1188 2216 1247 2276 pro
1278 2216 1343 2261 rev.
1375 2197 1407 2261 d.
1438 2196 1524 2263 Guih
1558 2217 1621 2260 van
1655 2198 1696 2258 de
1731 2199 1846 2263 Nesse.

1186 2305 1284 2369 Decr.
1310 2305 1344 2370 S.
1367 2304 1429 2386 Off.
1454 2309 1682 2385 260c1.17o7.
1707 2324 1736 2370 v.
1758 2305 1849 2368 Van

1169 2414 1339 2492 ‚Espen‚
1365 2413 1466 2491 Zeger
1493 2412 1683 2476 Bernardus.

1232 2519 1334 2585 Mots
1360 2518 1546 2599 (quelques)
1569 2515 1588 2581 h
1615 2538 1734 2598 propos
1767 2516 1847 2584 d’un

1188 2627 1352 2706 pamphlet
1375 2637 1485 2688 contre
1514 2647 1588 2690 mm.
1613 2626 1658 2688 ies
1688 2623 1780 2689 cures
1805 2630 1849 2691 de

1188 2734 1281 2814 Lyon
1297 2732 1421 2813 puhlies
1437 2752 1495 2813 par
1510 2732 1668 2813 plusieurs
1684 2737 1848 2798 membres

1188 2842 1244 2903 des
1267 2839 1403 2904 consciis
1433 2842 1474 2903 de
1497 2841 1642 2922 fabrique
1674 2841 1716 2903 de
1740 2842 1846 2923 Lyon.

1188 2947 1283 3013 Decr.
1308 2956 1449 3030 25211.
1473 2954 1563 3027 1864.

1229 3057 1383 3123 Moulin.
1412 3058 1520 3118 Lettre
1545 3054 1642 3118 ecrite
1665 3055 1684 3119 h
1708 3057 1847 3120 monsei·

1185 3183 1287 3242 gneur
1309 3160 1452 3244 l’eveque
1476 3143 1646 3224 d'hvreux
1669 3163 1699 3225 le
1724 3169 1764 3226 28
1791 3163 1847 3227 de«

1187 3274 1312 3333 cembre
1332 3275 1425 3346 1716.
1444 3270 1540 3334 Decr.
1566 3270 1600 3333 S.
1623 3268 1685 3350 Off.
1703 3287 1742 3350 17
1751 3270 1845 3349 febr.

1186 3395 1276 3457 1717.

1230 3486 1365 3552 Moura
1380 3484 1508 3564 Secc0,
1522 3483 1692 3546 Francisco
1708 3485 1760 3549 de.
1777 3486 1846 3548 An·

1186 3593 1281 3672 gelo,
1307 3612 1454 3655 romanoe
1489 3589 1636 3669 original.
1673 3590 1770 3656 Decr.
1804 3611 1848 3671 13

1187 3704 1282 3765 mart.
1307 3705 1367 3762 186
1369 3718 1403 3778 5.

1230 3809 1356 3893 Moya‚
1370 3807 1551 3869 Matthaeus
1563 3807 1613 3871 de.
1628 3806 1845 3885 Quaestiones

1187 3915 1319 3978 selectae
1337 3915 1368 3977 in
1384 3913 1562 3994 praecipuis
1578 3913 1759 3992 theologiae
1776 3935 1845 3978 mo·

517 4021 599 4087 Mor
625 4020 671 4101 (le
702 4022 843 4102 dernier)
874 4022 917 4084 du
948 4022 1128 4085 socialisme
1187 4023 1261 4085 ralis
1292 4021 1489 4085 tractatibus.
1518 4021 1615 4087 Decr.
1648 4020 1682 4086 S.
1712 4020 1776 4103 Off.
1800 4031 1845 4087 26

473 4150 532 4210 par
566 4151 609 4192 un
644 4129 835 4212 catholique.
871 4130 968 4194 Decr.
992 4148 1033 4190 22
1060 4134 1126 4195 run.
1182 4128 1382 4208 febr.1704.

473 4241 569 4315 1852.
590 4258 619 4302 v.
637 4235 792 4312 Cheve‚
818 4236 1126 4320 CharIes-Francois.
1230 4270 1275 4283 -
1297 4235 1469 4316 Appendix
1503 4236 1544 4296 ad
1579 4234 1710 4297 selectas
1746 4256 1846 4317 quae·

517 4343 652 4412 Motivi
684 4342 974 4424 dell'opposizione
1002 4345 1054 4407 dei
1078 4366 1128 4408 ve·
1186 4345 1315 4408 stiones.
1341 4344 1436 4407 Decr.
1454 4341 1489 4407 S.
1512 4341 1843 4424 Offaofebr.17o4.

473 4471 572 4516 scovo
596 4452 629 4514 di
653 4453 727 4514 Noli
751 4451 813 4513 2112
829 4451 1069 4531 pubblicazione
1093 4453 1127 4513 di
1231 4452 1371 4536 [Moya,
1395 4450 1577 4512 Matthaeus
1601 4450 1665 4530 de].
1691 4470 1719 4514 u.
1745 4449 1845 4512 Gui-

473 4580 516 4623 un
531 4561 660 4622 decreto
685 4559 736 4622 del
759 4580 783 4624 s.
802 4558 916 4622 Ufficio
933 4559 966 4620 di
983 4558 1124 4633 Genovn,
1186 4560 1360 4633 menius,
1375 4557 1568 4619 Amadaeus.
1582 4556 1749 4619 Adversus
1762 4577 1844 4637 quo-

473 4667 606 4731 relativo
630 4667 690 4730 2112
717 4666 925 4730 costituzione
952 4667 1126 4728 Auctorem
1185 4666 1332 4727 rumdam
1356 4663 1636 4743 expostulationes.

473 4775 547 4839 fidei
583 4776 635 4838 del
667 4797 696 4840 n.
729 4796 754 4839 s.
784 4796 814 4853 p.
840 4775 895 4836 Pio
919 4773 964 4835 Vi
994 4795 1013 4835 e
1044 4774 1126 4836 della
1229 4772 1367 4857 Moyen
1402 4783 1494 4832 court
1528 4782 1560 4832 et
1595 4767 1761 4832 tres-iacile
1797 4772 1842 4833 de

474 4883 628 4946 denunzia
652 4884 769 4945 iattane
799 4882 829 4944 21
852 4881 1053 4944 serenissimo
1082 4902 1127 4943 se·
1185 4879 1262 4941 iaire
1284 4880 1411 4941 oraison
1427 4898 1490 4960 que
1513 4890 1586 4940 tous
1610 4890 1745 4958 peuvent
1770 4896 1843 4955 pra-

475 5003 549 5054 nato
573 4990 606 5053 di
630 4991 762 5053 Genova
789 5011 848 5052 con
879 4991 989 5053 lettera
1017 4988 1069 5051 dei
1094 4986 1126 5049 di
1184 4987 1290 5068 tiquer
1317 4984 1547 5049 tres-aisement
1576 4999 1608 5047 et
1631 4984 1749 5045 arriver
1781 5004 1843 5063 par

474 5106 494 5163 8
513 5103 640 5163 ottobre
660 5115 753 5177 1794.
771 5099 867 5163 Decr.
887 5119 923 5176 3⁰
938 5103 1015 5179 sept.
1034 5101 1125 5176 1817.
1183 5092 1215 5155 lh
1232 5096 1313 5156 dans
1329 5113 1389 5173 peu
1405 5094 1445 5155 de
1461 5107 1542 5156 tems
1559 5092 1650 5156 hune
1663 5090 1758 5152 haute
1771 5110 1843 5170 per·

517 5206 740 5289 illotivum
756 5205 833 5269 iuris
849 5224 908 5285 pro
920 5202 1061 5284 capitulo
1074 5223 1125 5266 ca·
1185 5201 1311 5265 lection.
1337 5199 1433 5264 Decr.
1458 5200 1492 5263 S.
1522 5198 1585 5280 Off.
1610 5218 1629 5276 3
1650 5199 1734 5261 maii
1747 5202 1839 5274 1689.
