4309 6534
1233 1308 1293 1425 H

623 1689 905 1775 Hackspaniu8‚
920 1688 1151 1752 Theodoricus.
1173 1687 1230 1748 Mi·
1257 1665 1261 1774 Ι
1290 1686 1388 1750 tional
1413 1688 1538 1768 history
1560 1689 1597 1751 os
1617 1689 1764 1768 England
1788 1690 1869 1752 from
1886 1690 1942 1752 the

577 1801 805 1864 scellaneorum
841 1817 1004 1861 sacrorum
1038 1796 1111 1858 libri
1147 1797 1228 1869 du0‚
1259 1795 1261 1896 l
1289 1795 1451 1857 accession
1468 1796 1505 1858 os
1514 1798 1624 1875 Henry
1636 1797 1706 1860 VII.
1725 1809 1758 1859 to
1774 1798 1828 1859 the
1844 1797 1942 1858 death

578 1909 695 1989 quibus
719 1906 853 1968 accessit
876 1903 1020 1967 eiusdem
1044 1902 1230 1965 exercitatio
1259 1916 1261 1956 Ι
1290 1903 1326 1965 os
1344 1904 1474 1981 George
1491 1905 1530 1965 Il.
1550 1904 1646 1968 Decr.
1664 1923 1688 1982 5
1703 1926 1780 1983 aug.
1798 1909 1885 1981 1833.

578 2016 620 2079 de
643 2014 784 2077 Cabbala
808 2012 944 2075 iudaica.
971 2012 1068 2074 Decr.
1090 2029 1129 2086 19
1151 2014 1229 2091 sept.
1333 2046 1380 2057 —
1402 2011 1490 2072 View
1513 2012 1550 2073 ol
1568 2014 1622 2073 the
1646 2024 1730 2074 state
1756 2012 1793 2075 ol
1814 2013 1943 2092 Europe

580 2141 670 2204 17¹²·
1290 2117 1410 2197 during
1442 2119 1496 2180 the
1526 2120 1649 2181 middle
1679 2140 1766 2198 ages.
1796 2120 1892 2183 Decr.
1919 2137 1944 2197 ,ς

623 2230 760 2310 Hahn,
788 2227 977 2292 Guillaume.
1018 2227 1080 2288 Les
1115 2223 1232 2305 pheno·
1290 2246 1367 2305 aug.
1395 2231 1482 2304 1833.

578 2337 686 2401 menes
703 2335 904 2418 hysteriques
926 2346 959 2398 et
973 2334 1019 2397 les
1041 2331 1232 2397 revelations
1335 2332 1574 2420 [Hamilt0n,
1605 2332 1772 2421 Antoine].
1811 2357 1840 2397 v.
1867 2333 1944 2397 Μὲ-

579 2447 621 2508 de
643 2446 748 2509 sainte
770 2443 919 2507 Therese.
938 2444 1035 2507 Decr.
1053 2442 1088 2506 S.
1112 2442 1144 2505 C.
1162 2442 1231 2503 Rit.
1292 2441 1445 2503 moires
1479 2441 1520 2502 de
1553 2441 1582 2503 la
1609 2442 1661 2503 vie
1696 2442 1738 2503 du
1768 2454 1873 2503 comte
1904 2441 1944 2502 de

580 2572 600 2615 1
623 2554 688 2617 dec.
713 2558 808 2630 1885.
1292 2548 1492 2612 Grammont.

625 2657 804 2745 [Heiden
827 2659 968 2720 Thomas
991 2653 1081 2742 von].
1106 2678 1134 2719 v.
1160 2654 1233 2717 Ge·
1262 2693 1264 2772 p
1337 2655 1583 2737 HampeliuS,
1615 2658 1776 2721 Nicolaus.
1806 2659 1945 2720 Nucleus

581 2766 746 2829 danken
777 2767 855 2828 tiber
882 2765 935 2826 die
958 2764 1153 2827 Punktation
1176 2762 1234 2824 des
1293 2763 1495 2824 discursuum
1518 2783 1572 2824 seu
1595 2763 1849 2844 disputationum
1875 2765 1947 2827 hac·

580 2874 928 2952 Embsercongresses.
1295 2884 1387 2934 tenus
1412 2869 1443 2930 in
1467 2869 1536 2930 iure
1559 2871 1688 2949 publico
1715 2872 1888 2943 editarum,
1914 2872 1946 2933 in

625 2981 740 3062 Halz,
779 2980 911 3043 Fidelis.
954 2981 1021 3043 Das
1060 2980 1236 3042 kirchliche
1295 2999 1360 3060 quo
1390 2978 1431 3039 de
1454 2989 1538 3039 statu
1568 2977 1650 3040 sacri
1675 2978 1797 3040 romani
1822 2979 1946 3059 imperii

579 3089 867 3169 synodal-Institor
890 3107 964 3149 vom
993 3088 1111 3168 positiv
1140 3086 1236 3148 histo
1264 3062 1267 3086 '
1295 3108 1332 3147 ac
1348 3086 1417 3147 aliis
1434 3085 1687 3165 quamplurimis
1702 3086 1852 3147 connexis
1869 3086 1947 3147 iuris

580 3196 708 3259 rischen
731 3193 960 3273 Standpunkte
980 3213 1038 3254 aus
1059 3192 1237 3255 betrachtet
1296 3193 1412 3273 publici
1438 3192 1578 3254 materiis
1603 3192 1744 3271 graviter
1767 3193 1945 3267 disseritur,

581 3301 640 3363 mit
669 3301 863 3363 besonderer
891 3297 1070 3361 Rficksicht
1102 3298 1160 3360 aus
1185 3296 1237 3357 die
1294 3299 1444 3362 collectus
1475 3312 1506 3360 et
1538 3300 1569 3360 in
1601 3300 1745 3361 ordinem
1777 3300 1947 3380 aliqualem

582 3406 820 3486 gegenwttrtige
854 3404 933 3467 Zeit.
969 3404 1066 3467 Decr.
1098 3420 1144 3480 25
1181 3410 1236 3466 oct.
1301 3407 1458 3470 redactus.
1484 3407 1580 3470 Decr.
1605 3426 1644 3482 29
1667 3413 1722 3470 oct.
1747 3413 1834 3471 1622.

582 3519 672 3592 1849.
1339 3513 1549 3592 Hannotin,
1567 3493 1678 3576 ilmile.
1706 3515 1859 3575 Doctrine
1880 3516 1949 3577 reli·

626 3619 840 3697 Hakewill,
887 3616 1057 3694 Georgius,
1101 3618 1235 3681 Scutum
1295 3621 1403 3700 gieuse
1424 3633 1455 3682 et
1480 3620 1729 3700 philosophique
1756 3621 1869 3683 sondee
1892 3644 1948 3683 sur

582 3725 715 3803 regium,
741 3724 775 3785 id
798 3736 848 3785 est
871 3723 1026 3784 adversus
1053 3742 1164 3784 omnes
1187 3739 1236 3781 re·
1264 3717 1266 3752 ³
1295 3729 1324 3789 le
1336 3728 1539 3805 temoignage
1553 3727 1593 3788 de
1602 3728 1631 3788 la
1644 3728 1837 3792 conscience.
1849 3730 1946 3794 Decr.

582 3832 708 3910 gicidas
730 3845 762 3893 et
786 3831 999 3909 regicidarum
1017 3842 1171 3910 patronos
1195 3831 1235 3890 ab
1264 3805 1266 3896 i
1295 3854 1334 3912 13
1357 3837 1422 3897 ian.
1449 3840 1544 3912 1845.

582 3938 674 4001 initio
708 3939 818 4001 mundi
853 3958 956 4019 usque
990 3938 1032 3999 ad
1072 3937 1233 3999 interitum
1263 3903 1266 3990 i
1338 3942 1551 4003 -Nouvelle
1572 3941 1733 4021 thdologie
1753 3944 1949 4024 philosophi·

583 4046 709 4107 Phocae
735 4044 886 4106 ecclesiae
909 4044 1086 4106 catholicae
1109 4063 1236 4104 consen·
1264 4061 1267 4166 p
1295 4070 1357 4129 que
1380 4069 1458 4110 avec
1488 4069 1530 4109 un
1561 4070 1693 4110 examen
1725 4051 1862 4130 critique
1890 4053 1948 4114 des

583 4172 638 4214 sus
661 4152 864 4214 orthodoxus
891 4152 922 4212 in
947 4162 1012 4212 tres
1036 4150 1136 4211 libros
1159 4149 1237 4211 divi·
1264 4173 1267 4194 ¹
1296 4158 1430 4234 dogmes
1447 4156 1490 4217 du
1503 4158 1745 4233 christianisme‚
1761 4159 1800 4220 de
1815 4180 1872 4221 son
1887 4162 1949 4222 his-

584 4279 648 4322 sus⁸
674 4259 771 4323 Decr.
796 4278 815 4319 2
837 4264 893 4322 ocl.
917 4264 1006 4322 1621.
1264 4229 1267 4334 i
1297 4266 1379 4327 toire
1408 4275 1439 4325 et
1463 4265 1520 4326 des
1544 4266 1702 4345 principes
1734 4268 1776 4327 de
1800 4280 1889 4329 toute
1919 4269 1949 4331 la

629 4365 822 4445 HalesiuS,
840 4367 983 4427 Ioannes.
1002 4364 1148 4427 Historia
1164 4383 1236 4426 con·
1297 4370 1499 4451 philosophie
1540 4373 1810 4451 contemporaine.
1851 4373 1948 4439 Decr.

585 4473 648 4536 cilii
667 4472 868 4535 dordraceni.
886 4474 939 4535 Io.
957 4474 1069 4535 Laur.
1092 4472 1238 4534 Moshe·
1297 4481 1338 4537 18
1360 4480 1438 4556 sept.
1462 4481 1552 4553 1848.

586 4581 681 4643 mius
719 4602 759 4643 ex
795 4580 923 4658 anglico
958 4600 1106 4642 sermone
1141 4580 1238 4641 latine
1266 4608 1268 4642 ι
1341 4582 1740 4663 Harduinus‚10annes.
1767 4586 1876 4665 Opera
1897 4608 1950 4648 va-

585 4690 690 4759 vertit,
705 4689 801 4750 variis
825 4689 1102 4751 observationibus
1119 4700 1150 4750 et
1172 4690 1238 4750 vita
1298 4692 1354 4755 ria.
1381 4691 1476 4753 Decr.
1501 4711 1522 4751 2
1545 4694 1602 4755 iul.
1632 4710 1719 4771 1737.

587 4797 708 4858 Halesii
740 4797 847 4871 auxit;
871 4797 996 4858 accedit
1027 4797 1169 4858 eiusdem
1198 4797 1239 4858 de
1267 4847 1269 4858 .
1343 4836 1385 4848 -
1410 4799 1516 4878 Opera
1540 4800 1666 4873 selecta,
1689 4812 1755 4860 turn
1781 4822 1863 4880 quae
1887 4802 1950 4863 iarn

585 4904 777 4966 auctoritate
800 4904 924 4966 concilii
953 4904 1144 4966 dordraceni
1169 4904 1238 4983 paci
1267 4869 1269 4958 i
1298 4907 1421 4987 pridem
1447 4907 1574 4969 Parisiis
1603 4908 1705 4980 edita,
1732 4930 1813 4969 nunc
1844 4932 1951 4970 enten-

586 5033 695 5074 sacrae
723 5011 819 5073 noxia
847 5012 1048 5076 consultatio.
1074 5012 1172 5075 Decr.
1201 5017 1240 5073 18
1267 4997 1270 5102 Ι
1298 5014 1425 5077 datiora
1448 5028 1480 5076 et
1500 5016 1602 5077 multo
1619 5015 1762 5077 auctiora
1779 5017 1949 5095 prodeunt,

586 5121 648 5184 dec.
673 5125 763 5199 1748.
1267 5119 1270 5216 l
1299 5136 1365 5185 tum
1387 5144 1468 5202 quae
1484 5144 1567 5184 nunc
1584 5123 1720 5201 primum
1739 5124 1835 5187 edita.
1853 5126 1950 5190 Decr.

631 5227 805 5306 Hallam,
837 5229 958 5307 Henry.
989 5227 1058 5290 The
1087 5228 1240 5292 constitu·
1267 5219 1270 5305 l
1298 5249 1317 5290 2
1341 5232 1399 5294 iul.
1424 5248 1512 5309 1737.
