4309 6534
398 811 439 875 32
965 831 1182 878 consmrvno

392 1034 533 1115 doctor,
559 1045 594 1100 et
622 1036 752 1119 scripto
780 1047 815 1101 et
843 1056 948 1120 opere
976 1037 1278 1121 praemonstravit.
1306 1038 1397 1102 Nam
1423 1037 1460 1102 in
1487 1036 1562 1102 suis
1581 1037 1743 1102 adversus

392 1170 623 1253 manichaeos,
645 1174 855 1257 pelagianos
871 1175 1071 1256 donatistas
1087 1176 1242 1259 aliosque
1264 1187 1336 1241 tam
1357 1176 1430 1258 sibi,
1452 1193 1560 1259 quam
1573 1174 1743 1240 Ecclesiae

391 1307 627 1388 adversantes
650 1310 798 1374 assiduis
812 1312 1132 1393 conflictationibus
1153 1312 1189 1377 id
1203 1332 1341 1396 semper
1362 1312 1628 1423 diligenffissime
1649 1311 1743 1390 cavit,

393 1464 437 1509 ne
458 1448 656 1530 quempiam
677 1467 798 1515 eorum
818 1450 960 1531 iniuriis,
982 1462 1043 1516 aut
1068 1450 1234 1517 conviciis
1258 1452 1422 1531 laederet,
1442 1457 1550 1532 atque
1571 1466 1745 1531 exaspera·

393 1587 456 1641 ret.
478 1578 544 1659 Qui
565 1599 667 1645 secus
688 1584 879 1666 scribendo,
901 1588 957 1650 vel
979 1586 1188 1668 disputando
1210 1586 1338 1667 lecerit,
1357 1585 1559 1668 isprosecto
1579 1602 1647 1650 nec
1668 1583 1745 1648 veri·

393 1719 502 1776 tatem
522 1715 586 1777 sibi
607 1718 793 1799 praecipue
813 1720 911 1784 cordi
931 1739 1017 1800 esse,
1039 1739 1105 1785 nec
1129 1720 1336 1785 charitatem
1360 1718 1488 1785 sectari
1508 1736 1548 1783 se
1570 1717 1727 1783 ostendit.

472 1847 490 1926 §
503 1848 552 1911 23.
572 1849 598 1912 li
619 1868 756 1934 quoque
770 1872 841 1918 non
855 1854 940 1918 satis
953 1854 1124 1936 idoneam,
1138 1856 1334 1938 iustamque
1349 1854 1613 1920 exeusationem
1627 1854 1745 1919 afferre

394 1981 573 2066 videntur,
596 1987 655 2068 qui
676 1989 720 2052 ob
741 1988 936 2072 singulare,
959 1991 1051 2072 quod
1072 1990 1298 2073 profitentur,
1320 2008 1405 2073 erga
1428 1998 1569 2055 veteres
1590 1991 1745 2054 doctores

393 2120 555 2203 studium,
578 2142 656 2187 eam
676 2124 740 2189 sibi
761 2126 933 2191 scribendi
954 2125 1124 2191 rationem
1146 2126 1251 2192 licere
1275 2126 1501 2207 arbitrantur;
1522 2144 1607 2190 nam
1632 2125 1663 2189 si
1682 2142 1745 2189 car-

393 2273 476 2336 pere
497 2276 608 2322 novos
627 2260 788 2342 audeant,
809 2262 896 2325 sorte
917 2264 962 2325 ab
982 2263 1161 2328 laedendis
1180 2264 1357 2329 veteribus
1377 2263 1442 2328 sibi
1461 2262 1606 2328 minime
1627 2271 1745 2344 tempe

393 2402 538 2474 rassent,
560 2394 589 2458 si
609 2394 645 2459 in
666 2414 787 2461 eorum
809 2407 966 2480 tempora
986 2398 1204 2481 incidissent;
1225 2400 1318 2482 quod
1336 2401 1516 2482 praeclare
1537 2399 1744 2464 anirnadver·

393 2551 473 2597 sum
508 2543 560 2597 est
595 2534 639 2596 ab
673 2544 817 2598 auctore
851 2534 975 2617 Operis
1007 2535 1201 2617 imperfecti
1231 2535 1267 2600 in
1301 2536 1537 2614 Matthaeum,
1569 2534 1663 2598 hom.
1692 2534 1743 2597 45:

398 2669 484 2732 Cum
505 2671 671 2751 audieris,
690 2671 809 2753 inquit,
831 2673 981 2753 aliquem
1000 2673 1248 2756 beatificantem
1269 2672 1432 2753 antiquos
1451 2671 1621 2751 doctores,
1629 2671 1745 2752 proba,

395 2808 514 2888 quali's
534 2809 584 2873 sit
601 2811 694 2874 circa
715 2827 801 2875 suos
821 2812 985 2876 doctores.
1007 2813 1158 2876 sienim
1179 2811 1271 2890 illos,
1284 2829 1364 2875 cum
1384 2810 1510 2892 quidus
1530 2807 1630 2888 uiuit,
1649 2806 1746 2872 susti·

397 2948 462 3021 net,
482 2949 516 3006 et
533 2945 691 3024 honorat,
711 2944 788 3008 sine
807 2945 909 3009 dubi‘o
930 2946 1022 3026 illos,
1041 2947 1175 3010 sicum
1196 2946 1269 3008 illis
1292 2943 1454 3023 venisset,
1469 2943 1701 3019 honorasset,
1717 2938 1749 3003 si

397 3084 512 3142 autem
532 3097 619 3143 suos
639 3081 841 3161 contemnit,
864 3081 902 3144 si
925 3100 1004 3146 cum
1032 3082 1106 3146 illis
1126 3081 1295 3161 vi‘ici’sset,
1321 3087 1355 3144 et
1379 3080 1460 3144 illos
1480 3077 1745 3159 contempsisset.

396 3215 629 3296 Quamobrem
656 3216 814 3296 firmum,
840 3226 1024 3300 ratumque
1052 3219 1096 3282 sit
1125 3217 1302 3299 omnibus,
1327 3217 1387 3300 qui
1413 3217 1585 3281 adversus
1605 3213 1746 3279 aliorum

396 3348 586 3413 sententias
606 3349 761 3415 scribunt
789 3369 831 3414 ac
860 3351 1055 3433 disputant,
1081 3352 1116 3416 id
1144 3353 1237 3433 quod
1265 3351 1439 3435 graviter,
1464 3367 1508 3413 ac
1535 3348 1746 3431 sapientera

395 3503 472 3549 ven.
487 3503 590 3549 servo
605 3484 671 3549 Dei
684 3487 954 3568 praedecessore
975 3497 1095 3552 nostro
1111 3487 1311 3553 Innocentio
1326 3488 1420 3569 Papa
1434 3485 1484 3550 XI
1497 3485 1747 3568 praescriptum

396 3620 505 3683 estin
526 3619 667 3685 decreto
689 3621 782 3685 edito
810 3622 865 3686 die
886 3623 1040 3687 secunda
1061 3623 1177 3687 Martii
1203 3623 1286 3687 anni
1313 3620 1487 3686 millesimi
1507 3619 1747 3687 sexcentesimi

395 3756 643 3838 septuagesimi
663 3757 764 3821 noni:
801 3758 964 3836 Tandem,
980 3757 1109 3839 inquit,
1142 3763 1183 3820 ut
1211 3758 1253 3819 ab
1274 3755 1459 3821 iniuriosis
1479 3756 1748 3821 contentionibus

396 3891 560 3969 doctores,
580 3908 643 3954 seu
663 3892 872 3971 scholastici,
892 3899 956 3955 aut
974 3892 1042 3955 alii
1060 3892 1267 3974 quicumque
1287 3892 1324 3955 in
1340 3898 1524 3972 posterum
1544 3892 1748 3971 absumant,

396 4033 436 4091 ut
449 4026 543 4107 paci,
563 4032 597 4090 et
614 4027 781 4091 charitati
797 4028 1014 4108 consulatur,
1027 4027 1117 4091 idem
1136 4026 1391 4091 Sanctissimus
1412 4025 1449 4089 in
1469 4025 1597 4090 virtute
1611 4031 1749 4091 sauctae

396 4164 601 4228 obedientiae
631 4165 682 4228 eis
704 4166 894 4247 praecipit,
918 4173 958 4230 nt
980 4172 1052 4230 tam
1079 4165 1116 4229 in
1143 4165 1243 4229 libri‘s
1273 4162 1534 4247 imprimendis,
1560 4180 1603 4226 ac
1631 4179 1749 4226 manu-

396 4300 550 4381 scriptis,
563 4320 670 4382 quam
691 4302 729 4366 in
750 4302 913 4382 thesibus,
933 4321 975 4367 ac
990 4302 1322 4383 praedicationibus,
1338 4306 1486 4365 caveant
1501 4301 1544 4386 ab
1566 4299 1668 4363 omni
1682 4315 1750 4363 ceu·

396 4452 496 4514 sura,
516 4440 550 4499 et
568 4439 661 4515 nota,
681 4454 814 4500 necnon
835 4455 857 4500 a
878 4437 1151 4518 quibuscumque
1174 4435 1340 4500 conviciis
1361 4440 1483 4499 contra
1510 4451 1572 4497 eas
1594 4432 1751 4515 proposi·

397 4569 522 4648 tioneS,
545 4586 633 4649 quae
657 4570 770 4633 adliuc
794 4569 884 4633 inter
904 4570 1090 4635 catholicos
1117 4576 1438 4649 controvertuntur,
1458 4570 1565 4633 donec
1585 4587 1609 4632 a
1629 4573 1751 4633 sancta

397 4700 482 4783 Sede
496 4701 691 4781 recognitae
720 4700 814 4781 sint,
844 4706 877 4764 et
905 4710 1014 4782 super
1040 4702 1092 4766 eis
1119 4701 1284 4766 indicium
1304 4703 1520 4783 proseratur.
1542 4700 1751 4766 Cohibeatur

397 4836 514 4918 itaque
535 4854 577 4899 ea
598 4837 807 4920 scriptorum
827 4837 976 4919 licentia,
992 4838 1060 4920 qui,
1075 4847 1114 4902 ut
1135 4837 1249 4901 aiebat
1270 4836 1498 4919 Augustinus,
1520 4836 1577 4900 lib.
1596 4837 1634 4901 12
1648 4836 1751 4917 Confi,

399 4988 473 5052 cap.
493 4971 542 5052 25,
564 4989 658 5036 num.
679 4973 727 5053 34,
749 4973 955 5037 sententiani
979 4990 1084 5036 suam
1109 4976 1279 5050 amantes,
1300 4988 1370 5034 uon
1395 4969 1477 5052 quia
1501 4988 1588 5034 vera
1611 4977 1675 5051 est,
1694 4971 1754 5035 sed

397 5101 480 5182 quia
499 5119 569 5165 sua
589 5108 650 5182 est,
670 5102 819 5167 aliorum
836 5102 1014 5184 opiniones
1027 5121 1099 5167 non
1113 5101 1217 5166 modo
1231 5101 1436 5182 improbant,
1458 5100 1521 5164 sed
1540 5100 1750 5166 illiberaliter

397 5237 503 5304 etiam
522 5246 655 5321 notant,
676 5249 781 5322 atque
801 5239 998 5305 traducunt.
1020 5238 1098 5304 Non
1119 5240 1251 5304 seratur
1274 5236 1424 5320 omnino,
1444 5236 1601 5320 privatas
1621 5248 1752 5305 senten·
