4309 6534
967 795 1184 844 consmvno

961 1135 1119 1201 CAPVT
1139 1133 1183 1199 V.

700 1354 747 1400 DE
768 1352 886 1399 POENIS
906 1352 941 1400 IN
963 1349 1195 1399 Dacassmltvll
1215 1346 1446 1396 GENERALIVM

826 1467 1129 1515 TRANSGRESSORES
1149 1464 1322 1512 sulvus.

478 1672 527 1736 47.
549 1670 679 1736 Omnes
710 1680 745 1735 et
776 1670 904 1754 singuli
934 1670 1086 1736 scienter
1116 1671 1294 1753 legenteS,
1323 1666 1398 1732 sine
1427 1662 1640 1730 auctoritate
1659 1661 1750 1729 Sedis

397 1808 627 1890 apostolicae,
656 1808 763 1873 libros
796 1816 1035 1891 apostatarum
1069 1817 1105 1872 et
1138 1805 1395 1871 haereticorum
1424 1800 1601 1870 haeresim
1634 1817 1750 1885 propu-

396 1953 554 2026 gnantes
569 1963 635 2009 nec
656 1962 726 2009 non
747 1944 854 2009 libros
874 1942 1028 2008 cuiusvis
1048 1942 1202 2007 auctoris
1225 1959 1288 2024 per
1305 1938 1522 2023 apostolicas
1542 1937 1680 2004 litteras
1698 1933 1749 2003 no*

396 2078 553 2145 minatim
573 2080 772 2162 prohibitos,
796 2080 1007 2160 eosdemque
1026 2076 1134 2142 libros
1148 2075 1346 2157 retinentes,
1368 2072 1609 2158 imprimentes
1624 2081 1660 2138 et
1676 2089 1749 2156 quo

396 2216 585 2282 modolibet
616 2217 861 2297 defendentes,
894 2213 1290 2280 excommunicationem
1324 2211 1399 2294 ipso
1430 2210 1524 2275 facto
1554 2208 1748 2289 incurrunt,

396 2366 542 2415 romano
563 2350 721 2415 Pontifici
742 2349 885 2433 speciali
905 2350 1010 2414 modo
1031 2357 1257 2414 reservatam.

476 2484 526 2549 48.
555 2484 621 2565 Qui
645 2485 719 2550 sine
747 2484 921 2550 Ordinarii
948 2483 1197 2567 approbatione
1225 2499 1405 2546 sacrarum
1432 2478 1694 2563 scripturarum
1719 2477 1750 2542 li·

397 2618 495 2699 bros,
516 2619 574 2682 vel
596 2620 799 2684 earumdem
820 2619 1063 2685 adnotationes
1084 2619 1142 2682 vel
1163 2616 1432 2682 commentarios
1451 2613 1674 2698 imprimunt,
1693 2622 1749 2678 aut

395 2752 547 2835 imprimi
569 2753 715 2834 iaciunt,
740 2754 896 2818 incidunt
923 2754 999 2837 ipso
1027 2754 1120 2819 sacto
1146 2753 1182 2818 in
1207 2748 1605 2816 excommunicationem
1625 2747 1750 2815 nemini

398 2899 624 2954 reservatam.

478 3025 527 3089 49.
549 3024 617 3106 Qui
636 3043 722 3090 vero
743 3034 860 3090 cetera
881 3025 1093 3110 transgressi
1113 3023 1256 3106 fuerint,
1278 3042 1368 3106 quae
1396 3023 1450 3087 his
1468 3021 1632 3087 Decretis
1645 3020 1750 3087 Gene

396 3160 526 3226 ralibus
546 3161 814 3245 praecipiuntur,
836 3181 899 3244 pro
921 3163 1060 3227 diversa
1081 3171 1200 3227 reatus
1221 3160 1395 3245 gravitate
1415 3160 1507 3224 serio
1525 3161 1571 3224 ab
1591 3160 1748 3243 episcopo

395 3304 618 3377 moneantur,
641 3306 685 3377 et,
707 3296 737 3361 si
757 3306 990 3379 opportunum
1006 3296 1189 3377 videbitur,
1205 3296 1381 3362 canonicis
1395 3295 1500 3360 etiam
1517 3294 1642 3377 poenis
1662 3312 1749 3359 coer·

395 3437 549 3495 ceantur.

472 3835 679 3899 Praesentes
699 3852 784 3899 vero
812 3834 947 3899 litteras
969 3841 1004 3897 et
1028 3851 1270 3915 quaecumque
1289 3833 1325 3898 in
1345 3832 1430 3915 ipsis
1450 3834 1633 3915 habentur,
1656 3835 1747 3899 nullo

393 3990 559 4054 umquam
590 3984 748 4056 tempore
780 3972 823 4037 de
854 3971 1087 4054 subreptionis
1114 3980 1175 4035 aut
1202 3969 1414 4053 obreptionis
1444 3970 1519 4034 sive
1550 3969 1748 4036 intentionis

391 4117 534 4181 ¹nostrae
564 4107 649 4171 vitio
684 4106 798 4171 aliove
832 4106 956 4188 quovis
990 4106 1129 4170 defectu
1163 4105 1278 4170 notari
1308 4105 1365 4168 vel
1396 4104 1596 4188 impugnari
1629 4123 1746 4189 posse,

392 4241 454 4305 sed
475 4258 613 4323 semper
633 4240 768 4304 validas
789 4240 880 4304 etin
901 4258 964 4304 suo
986 4241 1112 4305 robore
1132 4239 1206 4304 sore
1228 4247 1262 4303 et
1284 4257 1370 4321 esse,
1395 4247 1501 4322 atque
1524 4243 1570 4304 ab
1591 4242 1747 4307 omnibus

393 4375 545 4440 cuiusvis
576 4375 707 4458 gradus
735 4383 770 4438 et
803 4374 1097 4457 praeeminentiae
1120 4373 1365 4439 inviolabiliter
1387 4373 1423 4438 in
1443 4374 1572 4439 iudicio
1594 4385 1630 4440 et
1651 4386 1746 4442 extra

392 4509 570 4574 observari
591 4509 719 4573 debere
740 4508 968 4589 decernimus,
990 4508 1127 4573 irritum
1148 4526 1286 4591 quoque
1305 4516 1340 4572 et
1356 4508 1469 4589 inane,
1485 4507 1515 4572 si
1528 4525 1633 4574 secus
1647 4525 1747 4593 super

391 4644 445 4708 his
465 4664 487 4709 a
507 4662 698 4727 quoquam,
724 4644 848 4726 quavis
868 4643 1077 4708 auctoritate
1099 4645 1156 4708 vel
1176 4652 1377 4726 praetextu,
1403 4642 1555 4708 scienter
1574 4645 1634 4710 vel
1654 4644 1745 4728 igno

390 4789 509 4844 ranter
540 4777 725 4862 contigerit
756 4779 920 4842 attentari
951 4779 1186 4860 declarantes
1216 4779 1400 4844 contrariis
1430 4798 1500 4844 non
1532 4780 1745 4846 obstantibus

392 4913 676 4996 quibuscumque.

471 5047 644 5112 Volumus
664 5056 783 5112 autem
803 5056 841 5112 ut
863 5049 988 5112 harum
1012 5049 1208 5115 litterarum
1234 5050 1410 5133 exemplis,
1433 5049 1538 5114 etiam
1559 5049 1741 5133 impressis,

390 5201 496 5249 manu
517 5192 635 5249 tamen
655 5184 780 5249 notarii
807 5185 1011 5268 subscriptis
1039 5196 1073 5251 et
1101 5205 1164 5269 per
1192 5186 1419 5252 constitutum
1442 5187 1479 5251 in
1510 5186 1740 5252 ecclesiastica
