4309 6534
981 832 1043 889 aet
1060 863 1075 874 -
1095 832 1159 889 Aio
1709 848 1744 899 39

436 1052 535 1120 Acta
554 1053 715 1131 quaedam
727 1053 880 1118 ecclesiae
891 1054 1036 1120 ultraiec·

392 1160 478 1225 tinae
508 1161 652 1225 exhibita
682 1162 715 1225 in
746 1163 960 1226 defensionem
989 1164 1037 1226 iu-

393 1270 476 1334 rium
505 1270 713 1333 illustrissimi
741 1271 975 1352 archiepiscopi
1005 1284 1037 1336 et

391 1378 525 1459 capituli
548 1378 693 1442 eiusdem
712 1378 866 1441 ecclesiae
881 1380 1037 1441 adversus

391 1486 515 1568 scripta
538 1486 781 1550 eminentissimi
797 1488 967 1551 cardinalis
986 1509 1037 1549 ar-

392 1594 591 1674 chiepiscopi
614 1594 849 1658 mechliniensis
865 1617 937 1658 curn
954 1616 1041 1676 prae·

392 1701 511 1766 satione
522 1701 566 1763 ad
574 1722 686 1765 omues
698 1702 835 1783 inclytae
847 1703 1037 1766 Germaniae

391 1809 574 1891 episcopos.
602 1811 700 1873 Decr.
728 1830 769 1872 2!
790 1818 864 1892 apr.
888 1816 978 1891 1738.
1006 1832 1035 1875 v.

391 1916 476 1980 Van
502 1918 575 1980 der
598 1917 741 1993 Croon,
766 1917 966 1982 Theodorus.

435 2028 457 2105 †
478 2025 575 2092 Acte
598 2022 728 2105 d'appel
749 2024 910 2109 interjettd
930 2047 988 2105 par
1007 2026 1037 2088 le

390 2152 570 2214 procureur
598 2131 728 2211 general
759 2134 800 2196 de
829 2134 983 2196 Lorraine
1005 2145 1037 2197 et

393 2240 524 2303 Barrois
548 2240 590 2303 de
612 2237 801 2305 l'exdcution
830 2242 872 2303 du
902 2241 974 2304 bref
992 2242 1036 2303 du

391 2368 431 2410 22
455 2349 640 2426 septembre
659 2349 785 2411 dernier
809 2350 910 2411 rendu
927 2362 1038 2412 contre

391 2454 622 2519 l’ordonnance
645 2456 686 2519 de
708 2476 768 2519 son
791 2456 906 2519 altesse
929 2456 1038 2535 royale

392 2563 437 2625 du
448 2564 532 2626 mois
544 2563 587 2625 de
594 2563 698 2645 juillet
713 2580 806 2639 1701.
819 2564 926 2625 Brevi
939 2563 1035 2627 Clem.

393 2670 455 2735 XI.
480 2691 523 2733 ιι
537 2670 627 2751 sehr.
651 2691 742 2752 1704.

438 2780 534 2846 Acte
551 2775 681 2859 d’appel
696 2776 857 2862 interjette
872 2779 901 2842 le
921 2798 933 2842 1
953 2800 1038 2841 mars

395 2903 593 2960 unccxvu,
629 2908 689 2966 par
726 2887 959 2966 messeigneurs
993 2888 1038 2948 les

393 2991 532 3074 dveques
556 2993 598 3055 de
613 2993 781 3074 Mirepoix,
807 2994 847 3056 de
870 2994 980 3066 Senez,
999 2994 1040 3056 de

394 3100 602 3180 Montpellier
623 3111 656 3163 et
675 3101 716 3164 de
739 3101 915 3180 Boulogne.
939 3102 1038 3164 Decr.

395 3207 431 3271 S.
461 3208 525 3288 Off.
550 3214 591 3272 16
606 3208 698 3289 sebr.
722 3214 813 3289 1718.

439 3315 573 3391 Acton,
587 3317 686 3381 Lord.
699 3318 763 3378 Zur
774 3316 968 3379 Geschichte
984 3317 1041 3378 des

399 3423 638 3487 vaticanischen
651 3424 807 3488 Conciles.
818 3426 916 3489 Decr.
926 3424 961 3488 S.
976 3426 1038 3507 Off

395 3548 437 3592 2ο
459 3537 539 3612 sept.
563 3536 655 3611 1871.

434 3672 481 3684 -
503 3633 761 3702 Sendschreiben
784 3660 825 3700 an
841 3639 932 3701 einen
953 3639 1040 3702 deut·

396 3746 495 3807 schen
505 3745 640 3808 Eischol
647 3747 704 3809 des
716 3746 952 3809 vaticanischen
962 3746 1042 3808 Con-

397 3852 467 3915 cils.
493 3853 593 3916 Decr.
616 3852 652 3917 S.
682 3852 745 3933 Off.
769 3872 810 3916 2ο
832 3859 910 3934 sept.
931 3858 1022 3932 1871.

437 3959 1040 4046 [Adam].v.Avocat(l’)dudiab1e.

440 4066 592 4147 Adami,
622 4066 798 4132 Cornelius.
832 4067 1040 4131 Exercitatio·

395 4196 448 4238 nes
460 4174 646 4255 exegeticae
657 4175 700 4237 de
708 4175 834 4238 Israelis
848 4175 880 4237 in
888 4176 1041 4256 Aegypto

398 4281 665 4363 multiplicatione
687 4295 719 4345 et
742 4282 960 4363 oppressione,
986 4304 1040 4344 na·

400 4389 525 4452 tivitate
546 4401 580 4452 et
602 4388 803 4452 institutione
819 4390 919 4452 Mosis
939 4391 970 4452 in
993 4410 1041 4452 sa·

400 4497 519 4576 pientia
545 4496 800 4577 Aegyptiorum,
832 4497 1041 4559 conversione

402 4623 425 4667 a.
439 4604 538 4679 Pauli,
551 4603 750 4684 aliorumque
766 4623 954 4682 magnorum
971 4624 1041 4685 pec-

402 4724 555 4786 catorum,
580 4711 737 4791 malisque
753 4713 876 4773 Rornae
895 4730 1040 4791 paganae

403 4832 433 4882 et
469 4819 646 4881 hodiernae
683 4818 836 4883 moribus.
876 4819 1043 4880 Accedunt

405 4926 523 4989 scholia
548 4926 592 4987 ad
622 4942 647 4987 x
678 4926 748 4988 loca
778 4947 818 4987 ex
850 4938 911 4989 act.
935 4939 1041 5005 apost.

407 5033 520 5097 diversi
542 5033 734 5113 argumenti.
765 5035 864 5096 Decr.
892 5051 939 5111 15
963 5039 1041 5115 sept.

409 5159 492 5220 1721.

448 5253 644 5333 Adamas,
685 5249 850 5314 Melchior.
894 5250 1041 5312 Decades

1105 1055 1202 1132 duae,
1234 1055 1433 1120 continentes
1464 1054 1547 1118 vitas
1578 1052 1746 1132 theologo·

1106 1186 1174 1226 rum
1196 1176 1379 1228 exterorum
1404 1165 1594 1246 principum,
1619 1162 1674 1243 qui
1699 1182 1748 1223 ec·

1105 1271 1233 1334 clesiam
1246 1272 1365 1335 Christi
1378 1272 1536 1353 superiori
1552 1271 1660 1333 seculo
1676 1288 1748 1349 pro·

1104 1391 1263 1460 pagarunt
1297 1392 1329 1442 et
1362 1390 1616 1461 propugnarunt.
1649 1378 1746 1441 Decr.

1105 1492 1206 1565 niul.
1230 1495 1321 1553 1616.

1148 1596 1310 1660 -Vitae
1333 1616 1558 1676 germanorum
1582 1595 1747 1672 theologo·

1106 1724 1185 1777 rum,
1203 1704 1257 1784 qui
1274 1703 1432 1784 superiori
1449 1703 1557 1765 seculo
1580 1701 1747 1764 ecclesiam

1106 1810 1225 1874 Christi
1234 1831 1311 1873 voce
1322 1812 1515 1891 scriptisque
1527 1821 1748 1891 propagarunt

1105 1930 1137 1980 et
1146 1931 1404 1998 propugnarunt.
1419 1919 1516 1981 Decr.
1526 1937 1566 1979 22
1573 1924 1646 1998 apr.
1657 1922 1746 1993 1624.

1146 2026 1355 2093 AdauctuS.
1387 2029 1401 2088 1
1434 2024 1629 2089 dominatori
1665 2023 1748 2085 della

1105 2134 1221 2198 chiesa.
1244 2135 1342 2199 Decr.
1366 2134 1402 2198 S.
1426 2135 1488 2215 Off.
1506 2138 1640 2196 dmarl.
1656 2137 1747 2208 1892.

1104 2261 1133 2304 v.
1158 2242 1309 2315 Penzo,
1335 2241 1522 2305 Domenico.

1150 2349 1326 2429 Addison,
1354 2351 1486 2431 Joseph.
1519 2348 1679 2410 Remarks
1708 2365 1748 2408 on

1105 2456 1226 2518 several
1260 2466 1349 2536 parts
1382 2455 1419 2518 os
1446 2456 1539 2535 ltaly.
1575 2455 1673 2517 Decr.
1710 2458 1750 2515 18

1105 2566 1163 2627 iul.
1188 2583 1276 2645 1729.

1149 2708 1194 2721 -
1208 2676 1407 2756 Remarques
1418 2695 1473 2737 sur
1486 2673 1593 2736 divers
1605 2672 1750 2736 endroits

1108 2778 1241 2856 d'ltalie,
1264 2802 1347 2862 pour
1367 2782 1469 2844 servir
1492 2803 1531 2843 au
1558 2801 1685 2860 voyage
1709 2780 1750 2841 de

1108 2890 1269 2951 monsieur
1290 2889 1425 2963 Misson;
1451 2901 1537 2952 tome
1561 2884 1748 2969 quatrieme.

1108 2997 1323 3077 v.Voyage
1352 3000 1528 3078 (nouveau)
1551 2992 1693 3059 d’ltalie.

1152 3105 1413 3182 †Adeodatus
1441 3106 1610 3186 presbyter
1637 3100 1748 3189 [pseu-

1108 3210 1282 3298 donymus]
1306 3212 1576 3292 compresbyteris
1600 3212 1642 3273 de
1664 3210 1750 3272 clero

1109 3340 1165 3399 per
1188 3319 1384 3382 foederatum
1401 3318 1558 3399 Belgium,
1576 3319 1608 3381 d.
1625 3317 1747 3380 Theod.

1109 3423 1264 3486 Cockium
1288 3436 1323 3486 ut
1347 3423 1561 3503 provicarium
1586 3443 1649 3484 non
1674 3420 1751 3482 reci·

1108 3532 1267 3612 pientibus
1289 3552 1315 3595 s.
1336 3552 1367 3610 p.
1389 3531 1420 3593 d.
1445 3532 1551 3591 Brevi
1563 3526 1661 3592 Clem.
1687 3528 1748 3590 XI.

1108 3644 1205 3717 4ocl.
1231 3657 1319 3719 1707.
1348 3659 1376 3701 v.
1407 3638 1571 3712 Tibbel,
1605 3638 1750 3699 loannes.

1154 3746 1355 3826 herodius,
1379 3746 1499 3808 Petrus.
1530 3746 1580 3807 De
1604 3745 1671 3806 iure
1699 3764 1752 3821 pa·

1109 3855 1182 3917 trio.
1206 3875 1235 3917 v.
1266 3854 1489 3916 Puissance
1512 3849 1624 3939 (dela)
1648 3864 1750 3931 pater·

1110 3961 1200 4025 uelle.

1154 4067 1297 4135 Aesina
1330 4070 1455 4149 (sacrae
1489 4065 1751 4145 congregationis

1109 4194 1279 4253 supremae
1294 4194 1331 4235 ac
1350 4185 1480 4235 sanctae
1503 4172 1692 4234 universalis
1708 4171 1751 4233 in·

1110 4279 1305 4360 quisitionis)
1338 4279 1411 4341 sacti
1442 4291 1474 4340 et
1504 4279 1581 4340 iuris
1616 4299 1675 4358 pro
1703 4278 1751 4339 iu-

1108 4387 1196 4448 stitia
1215 4386 1310 4448 edicti
1330 4386 1476 4449 moderni
1492 4386 1635 4465 episcopi
1652 4385 1751 4447 aesini

1109 4494 1308 4576 prohibentis
1343 4493 1502 4574 quendam
1544 4493 1685 4555 libellum
1719 4492 1752 4553 in

1108 4602 1238 4665 civitate
1261 4613 1292 4662 et
1315 4613 1384 4663 tota
1407 4601 1556 4675 dioecesi,
1580 4621 1631 4663 an.
1657 4604 1749 4673 1698.

1111 4711 1208 4772 Decr.
1234 4708 1268 4771 S.
1297 4709 1358 4790 Off
1376 4708 1446 4788 ser.
1474 4709 1506 4771 V.
1531 4726 1557 4786 5
1580 4713 1636 4770 oct.
1662 4726 1751 4787 1702.

1154 4816 1366 4882 Alorismos
1390 4816 1538 4896 politicos
1562 4814 1695 4877 escritos
1715 4835 1754 4875 en

1110 4945 1174 4985 una
1202 4925 1242 4985 de
1265 4924 1312 4985 las
1328 4923 1461 5002 lenguas
1486 4922 1536 4984 del
1553 4932 1644 4984 norte
1668 4922 1708 4985 de
1724 4922 1754 4983 la

1113 5033 1244 5111 Europa
1267 5051 1327 5111 por
1350 5051 1393 5092 un
1412 5030 1537 5092 filososo
1560 5051 1581 5108 y
1605 5029 1752 5092 traduci·

1111 5140 1170 5201 dos
1183 5139 1213 5200 al
1226 5138 1357 5219 espafiol
1373 5140 1547 5219 porJuan
1571 5136 1754 5199 Antonio

1112 5247 1321 5310 Llorente.
1354 5247 1452 5309 Decr.
1475 5264 1516 5308 2ο
1539 5247 1604 5308 ian.
1629 5250 1716 5322 1823.
