4309 6534
401 787 478 835 xx11
956 788 1169 838 marratio.

398 1029 503 1079 more
528 1003 629 1080 nulla
655 1007 732 1081 fere
761 1021 932 1082 teneatur
967 1020 1069 1081 certa
1102 1006 1234 1106 regula
1264 1007 1368 1106 quod
1403 1007 1453 1081 ad
1485 1007 1599 1109 signa
1629 1032 1738 1085 sono

398 1176 480 1225 rum
508 1175 575 1226 seu
601 1166 820 1226 accentuum
847 1152 991 1239 attinet,
1012 1177 1091 1238 n0S,
1117 1178 1165 1226 ne
1192 1154 1330 1251 ubique
1357 1178 1483 1228 errare
1510 1153 1736 1243 videremur,

396 1296 616 1373 hodiernum
654 1295 837 1370 scribendi
873 1311 1050 1372 accentus
1086 1299 1241 1374 modum
1282 1298 1530 1375 adhibuimus.
1560 1298 1739 1376 Similiter

396 1444 515 1519 secuti
544 1469 673 1518 sumus
711 1441 865 1518 modum
898 1444 961 1537 qui
1000 1469 1096 1518 nunc
1128 1442 1164 1516 in
1192 1443 1316 1518 Gallia
1350 1443 1519 1531 invaluit,
1557 1444 1737 1544 iungendi

393 1590 431 1662 in
459 1588 528 1662 hac
555 1587 682 1687 lingua
709 1586 858 1662 diversa
884 1602 1081 1663 auctorum
1110 1588 1258 1662 nomina
1285 1588 1395 1686 signo
1421 1589 1592 1678 lineolae,
1621 1589 1736 1665 veluti

397 1731 642 1807 pierre-Paul.

476 1876 700 1975 Ubicunque
717 1878 858 1955 additio
876 1877 1001 1976 aliqua
1020 1879 1055 1953 in
1070 1877 1318 1953 exscribendo
1337 1876 1444 1953 titulo
1462 1876 1632 1955 facienda
1648 1904 1735 1956 esse

392 2022 599 2110 videbatur,
629 2050 713 2100 eam
739 2024 871 2100 litteris
899 2025 1030 2100 italicis
1057 2050 1125 2099 seu
1154 2024 1312 2099 cursivis
1344 2049 1440 2122 quas
1470 2041 1619 2111 vocant,
1646 2026 1735 2100 scri·

394 2167 555 2243 bendam
582 2170 793 2244 curavimus
811 2185 926 2266 atque
947 2168 1051 2244 uncis
1069 2168 1296 2243 inclusimus.
1318 2167 1510 2265 Quidquid
1538 2167 1653 2267 igitur
1670 2167 1734 2244 tali

393 2311 508 2387 modo
534 2338 754 2409 expressum
782 2312 915 2387 viderit
941 2312 1070 2399 lector,
1091 2312 1162 2387 hoc
1190 2314 1225 2386 in
1254 2313 1336 2409 ipso
1355 2312 1464 2386 titulo
1491 2336 1567 2386 non
1589 2312 1641 2387 ita
1659 2310 1734 2412 legi

393 2453 496 2531 sciat.
526 2453 654 2548 Quare
682 2457 805 2540 etiam,
836 2457 984 2552 quoties
1011 2455 1174 2530 auctoris
1206 2456 1361 2530 alicuius
1394 2455 1533 2552 scripta
1559 2455 1733 2532 universa

393 2600 579 2697 prohibita
606 2617 703 2687 sunt,
725 2625 848 2697 neque
876 2601 1001 2675 existit
1029 2600 1143 2674 editio
1169 2598 1294 2674 omnia
1322 2598 1430 2674 simul
1462 2598 1730 2696 complectens,

393 2745 498 2819 cuius
540 2746 669 2819 titulus
706 2745 900 2820 transcribi
936 2746 1132 2842 potuisset,
1173 2743 1304 2818 litteris
1341 2741 1471 2817 italicis
1506 2744 1587 2818 eius
1623 2756 1734 2845 opera

392 2888 514 2962 ommia
543 2889 728 2986 prohibita
754 2915 840 2964 esse
868 2890 1065 2964 indicatur.¹

474 3031 659 3108 Omnibus
687 3034 856 3117 decretis,
879 3033 989 3107 etiam
1017 3032 1070 3119 iis,
1093 3056 1191 3128 quae
1218 3055 1241 3102 a
1270 3029 1666 3107 Sempronianae
1694 3047 1733 3105 et

392 3173 609 3248 universalis
637 3174 886 3271 inquisitionis
914 3186 1146 3256 emanarunt,
1178 3187 1359 3269 quantum
1388 3172 1497 3256 licuit,
1519 3172 1732 3247 addidimus

392 3316 490 3391 diem
518 3333 558 3391 et
584 3342 734 3405 annum,
764 3318 898 3415 quibus
927 3318 975 3391 ab
1003 3316 1086 3413 ipsa
1118 3314 1156 3390 S.
1183 3314 1487 3413 Congregatione
1515 3314 1605 3389 data
1633 3331 1730 3403 sunt,

391 3484 466 3533 non
493 3477 630 3545 autem,
653 3476 694 3536 ut
711 3475 824 3535 antea
851 3458 928 3533 fieri
956 3459 1114 3546 solebat,
1145 3458 1243 3532 diem
1262 3473 1301 3531 et
1320 3482 1458 3531 annum
1481 3458 1616 3554 quibus
1636 3459 1732 3557 typis

390 3621 545 3682 exarata
572 3607 870 3706 divulgabantur.

473 3749 511 3823 Si
539 3749 602 3847 qui
629 3748 710 3822 libri
737 3748 785 3822 ab
813 3747 884 3821 alia
913 3747 950 3821 S.
983 3744 1291 3844 congregatione
1330 3769 1444 3841 quam
1472 3747 1521 3820 ab
1548 3770 1603 3832 ea,
1636 3771 1733 3843 quae

390 3895 440 3967 ad
467 3893 589 3967 Indice
617 3917 753 3966 nomen
780 3892 904 3978 habet,
934 3890 1112 3987 prohibiti
1141 3890 1300 3976 suerunt,
1322 3889 1446 3962 hocin
1466 3887 1621 3986 singulis
1641 3890 1734 3964 casi-

390 4037 461 4110 bus
489 4035 717 4133 exprimitur,
756 4034 806 4107 ita
839 4048 882 4108 ut
908 4034 1032 4109 omnia
1069 4034 1231 4118 decreta,
1271 4057 1369 4129 quae
1408 4031 1544 4138 nullam
1580 4035 1732 4130 apposi-

390 4180 528 4254 tionem
570 4204 696 4253 secum
737 4178 874 4264 lerunt,
915 4176 1169 4274 intelligantur
1213 4200 1296 4248 esse
1337 4176 1373 4251 S.
1415 4174 1731 4275 Congregationis

391 4323 534 4399 Indicis.

471 4466 639 4565 Contigit
678 4464 896 4562 aliquando,
932 4480 973 4538 ut
1009 4480 1158 4551 auctor,
1190 4466 1294 4539 cuius
1332 4490 1448 4562 opera
1485 4465 1609 4539 omnia
1645 4490 1732 4564 pro·

389 4612 527 4708 scripta
546 4610 791 4695 inveniuntur,
813 4608 926 4684 libros
950 4610 1062 4683 etiam
1083 4624 1183 4682 tecto
1202 4626 1267 4683 aut
1286 4610 1465 4683 ementito
1484 4609 1633 4683 nomine
1652 4612 1731 4684 edi-

389 4756 495 4842 derit,
517 4754 582 4851 qui
602 4753 824 4850 specialibus
852 4752 1012 4826 decretis
1035 4754 1185 4827 fuerunt
1213 4752 1388 4829 damnati.
1413 4754 1560 4827 Horum
1580 4778 1627 4827 ne
1646 4778 1729 4851 pro·

390 4898 541 4995 scriptio
569 4920 797 4994 quemquam
824 4895 982 4993 sugeret,
1013 4919 1144 4968 eorum
1181 4893 1307 4969 titulos
1345 4894 1514 4993 singulos
1546 4898 1728 4971 adnotare

389 5041 509 5115 visum
539 5053 609 5114 est.

471 5181 510 5256 Si
538 5180 689 5277 quando
717 5180 795 5255 aliis
823 5180 983 5256 decretis
1012 5182 1220 5281 singulares
1249 5182 1400 5256 alicuius
1421 5183 1611 5280 scriptoris
1630 5185 1720 5273 libri,
