4309 6534
388 765 408 829 4
956 779 1173 826 consmrvrro

389 982 579 1066 originibus
606 992 778 1065 tempora;
807 980 978 1063 similique
1005 979 1140 1044 ratione
1167 979 1344 1062 perspexit
1371 987 1575 1044 sanctorum
1603 979 1749 1044 Patrum

389 1117 622 1201 vigilantiam,
646 1117 740 1182 iussa
764 1117 1021 1199 episcoporum,
1046 1115 1282 1181 Conciliorum
1306 1117 1464 1197 decreta,
1489 1114 1604 1180 omnis
1628 1132 1750 1180 conse·

392 1269 503 1333 quens
522 1259 629 1316 aetas.

471 1386 660 1469 Praecipue
674 1403 759 1450 vero
774 1394 1000 1450 monumenta
1017 1384 1212 1449 litterarum
1233 1393 1415 1464 testantur,
1431 1392 1562 1466 quanta
1576 1400 1665 1448 cura
1679 1382 1749 1447 dili·

391 1522 578 1606 gentiaque
605 1522 641 1585 in
669 1540 711 1587 eo
742 1521 985 1605 evigilaverint
1016 1522 1151 1586 romani
1181 1520 1385 1601 Pontifices,
1413 1537 1459 1584 ne
1489 1518 1748 1584 haereticorum

391 1658 536 1750 scripta,
558 1660 651 1722 malo
672 1657 826 1740 publico,
847 1656 988 1740 impune
1009 1664 1198 1739 serperent.
1220 1656 1328 1720 Plena
1349 1664 1402 1720 est
1426 1655 1671 1738 exemplorum
1690 1674 1749 1720 ve-

391 1802 511 1858 tustas.
534 1791 741 1857 Anastasius
762 1792 776 1855 Ι
797 1791 926 1873 scripta
947 1790 1108 1874 Origenis
1128 1791 1384 1873 perniciosiora,
1410 1791 1634 1856 Innocentius
1654 1791 1671 1856 I
1691 1791 1749 1856 Pe

391 1923 487 2008 lagii,
509 1925 582 1989 Leo
603 1943 752 2008 magnus
772 1923 1055 1988 Manichaeorum
1077 1942 1183 2006 opera
1205 1925 1321 1989 omnia
1342 1926 1443 2009 gravi
1470 1925 1585 1990 edicto
1606 1927 1749 1990 damna·

391 2078 484 2124 vere.
506 2058 675 2143 Cognitae
696 2060 819 2123 eadem
840 2059 884 2122 de
905 2078 944 2124 re
964 2067 1046 2124 sunt
1066 2059 1204 2125 litterae
1224 2061 1410 2125 decretales
1427 2061 1471 2125 de
1489 2060 1699 2143 recipiendis
1715 2069 1750 2126 et

391 2212 461 2258 non
482 2194 688 2276 recipiendis
709 2194 812 2274 libris,
835 2211 922 2276 quas
946 2194 1108 2258 Gelasius
1136 2206 1330 2277 opportune
1358 2195 1462 2260 dedit.
1490 2195 1665 2276 Similiter,
1691 2195 1749 2260 de

393 2347 497 2394 cursu
518 2338 682 2409 aetatum,
698 2329 1023 2409 Monotheletarum,
1039 2328 1236 2411 Abaelardi,
1259 2330 1402 2395 Marsilii
1416 2329 1583 2410 Patavini,
1598 2328 1749 2394 Wicleffi

394 2473 428 2527 et
449 2464 567 2527 Hussii
586 2464 788 2545 pestilentes
809 2464 915 2528 libros
936 2464 1108 2528 sententia
1129 2465 1340 2546 apostolicae
1361 2464 1460 2529 Sedis
1485 2462 1637 2528 confixit.

472 2598 619 2663 Saeculo
640 2609 758 2663 autem
779 2599 914 2664 decimo
935 2600 1063 2683 quint0,
1086 2611 1265 2683 comperta
1286 2611 1361 2664 arte
1382 2617 1474 2664 nova
1498 2597 1648 2679 libraria,
1678 2615 1748 2662 non

394 2734 498 2797 modo
518 2734 554 2796 in
574 2753 682 2817 prave
703 2735 832 2817 scripta
860 2735 1142 2801 animadversum
1170 2747 1239 2817 est,
1261 2755 1350 2819 quae
1378 2738 1493 2800 lucem
1518 2734 1746 2817 aspexissent,

394 2868 583 2933 sedetiam
603 2887 736 2953 nequa
765 2870 840 2934 eius
867 2871 1006 2954 generis
1032 2872 1179 2954 posthac
1208 2871 1407 2952 ederentur,
1429 2869 1547 2934 caveri
1575 2877 1748 2952 coeptum

395 3003 512 3086 Atque
533 3005 623 3068 hanc
643 3005 898 3087 providentiam
919 3024 989 3070 non
1010 3005 1099 3070 levis
1119 3005 1235 3088 aliqua
1256 3023 1371 3086 causa,
1393 3005 1455 3069 sed
1473 3003 1614 3068 omnino
1639 3004 1749 3068 tutela

394 3140 586 3205 honestatis
606 3159 648 3205 ac
669 3140 791 3205 salutis
811 3140 969 3222 publicae
984 3159 1046 3222 per
1062 3140 1149 3204 illud
1170 3150 1309 3223 tempus
1328 3140 1542 3222 postulabat;
1563 3146 1749 3221 propterea

395 3274 487 3356 quod
508 3283 619 3339 artem
640 3295 703 3359 per
723 3294 761 3341 se
783 3277 957 3359 optimam,
980 3277 1211 3342 maximarum
1233 3278 1421 3342 utilitatum
1444 3285 1635 3359 parentem,
1665 3273 1749 3340 chri-

396 3410 528 3474 stianae
556 3412 713 3494 gentium
740 3412 948 3477 humanitati
974 3413 1221 3496 propagandae
1249 3422 1387 3493 natam,
1416 3411 1452 3476 in
1478 3410 1749 3475 instrumentum

395 3543 520 3627 ingens
543 3544 722 3609 ruinarum
749 3545 852 3609 nimis
879 3545 979 3610 multi
1007 3545 1167 3609 celeriter
1194 3546 1417 3610 deflexerant.
1445 3543 1613 3628 Magnum
1641 3559 1749 3625 prave

396 3678 604 3761 scriptorum
632 3682 772 3760 malum,
793 3680 869 3763 ipsa
897 3681 1065 3764 vulgandi
1086 3681 1264 3746 celeritate
1285 3681 1397 3746 maius
1424 3690 1509 3763 erat,
1530 3698 1572 3744 ac
1592 3679 1750 3745 velocius

397 3816 569 3880 effectum.
590 3817 709 3899 Itaque
724 3817 952 3882 saluberrimo
971 3817 1115 3882 consilio
1140 3835 1221 3881 cum
1235 3816 1438 3881 Alexander
1454 3816 1513 3896 VI,
1529 3824 1604 3880 tum
1618 3815 1693 3880 Leo
1706 3813 1747 3895 X,

397 3952 599 4016 decessores
627 3952 745 4031 nostri,
768 3962 882 4017 certas
904 3954 1015 4016 tulere
1037 3955 1143 4036 leges,
1166 3953 1284 4036 utique
1305 3962 1540 4036 congruentes
1559 3951 1602 4016 iis
1619 3961 1749 4035 tempo

397 4085 492 4149 ribus
512 4103 554 4149 ac
576 4084 738 4165 moribus,
760 4103 849 4166 quae
871 4085 1102 4150 officinatores
1122 4086 1281 4150 librarios
1301 4087 1337 4151 in
1358 4086 1470 4150 officio
1491 4085 1720 4150 continerent.

476 4220 559 4284 Mox
574 4219 735 4303 graviore
750 4228 872 4284 exorto
893 4221 1039 4301 turbine,
1059 4224 1169 4286 multo
1190 4222 1390 4305 vigilantius
1404 4240 1446 4285 ac
1461 4220 1583 4286 fortius
1597 4219 1749 4304 oportuit

396 4356 568 4419 malarum
588 4356 780 4420 haereseon
801 4355 984 4438 prohibere
1006 4357 1176 4440 contagia.
1199 4358 1332 4423 idcirco
1351 4359 1445 4423 idem
1465 4358 1538 4423 Leo
1552 4357 1595 4439 X,
1617 4367 1750 4440 postea·

397 4508 464 4571 que
485 4489 647 4553 Clemens
667 4488 733 4553 VII
754 4489 959 4573 gravissime
980 4500 1185 4573 sanxerunt,
1207 4509 1251 4554 ne
1273 4492 1329 4555 eui
1354 4494 1487 4575 legere,
1509 4509 1578 4556 neu
1599 4490 1749 4558 retinere

396 4623 542 4688 Lutheri
561 4624 668 4688 libros
689 4624 740 4688 sas
762 4634 863 4689 esset.
878 4622 967 4687 Cum
981 4642 1066 4688 vero
1080 4643 1144 4707 pro
1158 4625 1251 4689 illius
1271 4625 1350 4690 aevi
1366 4625 1567 4689 infelicitate
1581 4626 1749 4690 crevisset

396 4773 536 4841 praeter
567 4759 724 4840 modum,
746 4769 851 4842 atque
878 4759 915 4823 in
946 4777 1067 4824 omnes
1094 4769 1213 4843 partes
1236 4761 1448 4844 pervasisset
1475 4760 1749 4843 perniciosorum

397 4895 564 4959 librorum
594 4894 730 4977 impura
761 4894 944 4976 colluvieS,
966 4895 1133 4977 ampliore
1154 4915 1197 4960 ac
1217 4896 1453 4979 praesentiore
1484 4897 1640 4962 remedio
1664 4914 1751 4980 opus

398 5049 475 5095 esse
495 5031 688 5096 videbatur.
710 5031 811 5112 Quod
832 5031 972 5114 quidem
996 5032 1189 5097 remedium
1214 5042 1408 5116 opportune
1433 5032 1570 5115 primus
1593 5031 1752 5099 adhibuit

397 5167 526 5232 Paulus
540 5166 590 5232 IV
611 5168 774 5233 decessor
795 5176 921 5249 noster,
943 5168 1107 5234 videlicet
1128 5171 1275 5235 elencho
1291 5169 1471 5252 proposito
1492 5169 1704 5252 scriptorum
1716 5176 1751 5233 et
