4309 6534
479 792 513 845 92
1052 777 1128 834 Corn
1148 808 1163 817 -
1183 776 1259 833 com

478 988 509 1050 le
530 987 764 1063 controversie,
789 988 848 1049 che
878 984 1014 1067 hoggidl
1040 1007 1122 1051 sono

477 1095 524 1157 lra
547 1094 556 1157 i
580 1093 702 1158 oetolici
726 1093 858 1168 romani,
882 1094 1034 1169 luteram,
1059 1094 1122 1157 zin-

475 1202 589 1282 7112121,
614 1202 787 1277 calvinisti,
811 1203 1007 1279 anabattisti,
1031 1223 1121 1265 sven·

476 1310 603 1373 leldiani
632 1323 665 1373 et
695 1310 784 1384 altri,
817 1330 874 1391 per
904 1322 1000 1374 conto
1037 1310 1121 1373 della

476 1418 639 1498 religione.
664 1418 762 1481 Decr.
786 1435 832 1495 15
856 1421 921 1483 ian.
945 1424 1035 1481 2622.

521 1525 694 1605 eometti,
706 1524 811 1604 Luigi.
825 1523 1024 1605 Compendio
1036 1524 1121 1587 della

477 1633 576 1696 storia
601 1633 633 1695 di
649 1632 745 1696 Carlo
760 1633 856 1695 Botta
876 1632 928 1694 dal
949 1648 1032 1711 1534
1056 1632 1121 1695 fino

476 1741 507 1804 21
527 1748 620 1818 1789,
641 1738 882 1821 coll’aggiunta
907 1740 939 1802 di
963 1761 1025 1803 una
1048 1740 1121 1803 idea

475 1850 624 1928 generale
654 1847 705 1910 dei
737 1860 786 1911 tre
816 1847 922 1912 secoli.
951 1848 1050 1911 Decr.
1081 1867 1120 1926 13

476 1960 660 2033 nov.1838.

521 2061 740 2144 comitibus,
759 2064 871 2125 Petrus
895 2062 944 2125 de.
967 2062 1121 2125 Summae

475 2169 727 2251 phylosophicae
742 2190 816 2250 pars
832 2169 935 2250 prima
958 2170 1058 2232 tribus
1074 2180 1121 2233 to·

475 2276 536 2340 mis
559 2277 709 2339 distincta
726 2290 828 2340 totam
845 2276 1012 2357 physicam
1035 2295 1120 2340 com·

349 2373 351 2377 ¹
475 2383 628 2466 plectens.
654 2384 752 2447 Decr.
777 2402 796 2443 1
818 2404 897 2464 aug.
922 2389 1011 2462 1673.

520 2489 799 2558 commentaire
821 2510 877 2551 sur
907 2489 937 2552 le
959 2489 1038 2551 livre
1061 2490 1119 2552 des

475 2596 569 2660 delits
592 2610 624 2660 et
649 2598 705 2659 des
725 2597 832 2678 peines
856 2618 915 2677 par
938 2617 981 2659 un
1003 2608 1119 2660 avocat

476 2704 518 2767 de
551 2704 712 2785 province.
749 2704 847 2769 Decr.
872 2724 911 2782 ro
939 2706 997 2769 iul.
1025 2709 1117 2781 2768.

471 2832 502 2873 v.
525 2811 732 2875 Voltaire.

515 2918 884 2987 Commentariorum
907 2919 948 2982 de
966 2932 1055 2983 statu
1071 2939 1117 2982 re-

474 3024 601 3105 ligionis
632 3039 664 3088 et
695 3025 739 3088 rei
774 3026 921 3106 publicae
950 3025 982 3088 in
1016 3046 1117 3106 regno

475 3131 597 3196 Galliae
609 3144 715 3212 partes
732 3132 882 3213 quinque.
897 3132 994 3197 Decr.
1005 3133 1039 3195 S.
1053 3134 1115 3214 Off.

474 3259 496 3318 4
517 3245 573 3302 oct.
596 3245 697 3310 26222
722 3258 740 3316 3
766 3240 828 3303 dec.
855 3245 956 3316 1609,·
985 3245 1026 3302 28
1050 3243 1115 3303 ian.

475 3353 563 3426 1614.
585 3366 614 3411 v.
638 3348 841 3423 Serranus,
869 3347 1015 3411 Ioannes.

519 3454 841 3523 commentarium
855 3454 887 3517 in
903 3454 1021 3518 bullam
1039 3456 1117 3516 Pau·

474 3562 496 3625 li
509 3563 565 3626 111.
582 3562 697 3625 «Licet
708 3563 749 3624 ab
761 3561 851 3626 initio
863 3585 893 3638 n,
908 3561 1018 3625 datam
1030 3582 1116 3625 anno

477 3686 571 3748 1542,
596 3691 660 3751 qua
683 3690 847 3732 romanam
878 3669 1114 3751 inquisitionem

472 3777 639 3841 oonstituit
654 3777 768 3839 eteius
784 3776 926 3856 regimen
942 3796 1004 3839 non
1025 3796 1117 3856 regu·

472 3885 593 3949 laribus
616 3885 673 3948 sed
691 3885 778 3947 clero
792 3884 927 3947 seculari
943 3883 1113 3947 commisit.

473 3993 620 4056 Accessit
645 3991 808 4073 appendix
831 3990 1117 4054 historico-theolo-

473 4100 546 4181 gica
574 4101 615 4163 de
645 4099 878 4181 proscriptione
907 4101 967 4161 sub
997 4119 1115 4161 annum

476 4223 558 4284 1725
575 4219 703 4270 extorta
725 4218 837 4269 contra
853 4205 1031 4268 duacenam
1046 4227 1115 4269 aca-

474 4315 621 4378 demiam.
647 4317 744 4379 Decr.
768 4314 804 4377 S.
834 4314 897 4395 Off.
913 4313 984 4393 ser.
1013 4314 1046 4377 V.
1074 4333 1115 4375 21

472 4425 532 4486 iul.
555 4440 652 4503 1757.
676 4443 705 4485 v.
722 4423 749 4484 F
757 4441 871 4497 aure,
896 4421 1031 4484 loannes
1058 4422 1116 4482 Ba·

473 4529 582 4611 ptista.

518 4634 795 4706 commentatio
810 4635 853 4697 ad
868 4634 939 4697 loca
955 4634 1114 4715 quaedam

472 4765 503 4807 n.
528 4742 718 4815 testamenti,
744 4763 827 4823 quae
850 4742 891 4804 de
913 4741 1115 4804 Antichristo

471 4861 572 4929 agunt
594 4862 650 4912 aut
681 4870 778 4929 agere
800 4861 971 4930 putantur,
999 4870 1115 4930 expen-

473 4957 579 5021 denda
590 4957 734 5020 eruditis.
749 4957 847 5021 Decr.
861 4976 901 5018 22
912 4962 1009 5020 mart.
1023 4963 1111 5036 2672.

471 5085 501 5129 v.
526 5064 710 5140 Grotius,
736 5065 846 5143 Hugo.

516 5170 764 5240 communion
785 5171 842 5252 (de
864 5171 911 5253 la)
935 5171 968 5234 in
995 5170 1113 5234 divinis

1189 1009 1266 1053 avec
1290 988 1344 1052 Pie
1367 989 1439 1051 v11.
1464 989 1561 1053 Decr.
1584 995 1624 1051 26
1646 995 1831 1069 aug.1822.

1189 1117 1217 1161 v.
1251 1096 1505 1171 Blanchard,
1541 1095 1770 1161 Pistre-Leuis.

1234 1202 1506 1287 comparaison
1532 1204 1573 1265 de
1596 1201 1766 1282 l'evangile
1789 1205 1832 1265 du

1189 1330 1273 1392 pape
1287 1332 1365 1374 avec
1381 1310 1550 1390 l’ivangile
1563 1312 1604 1372 de
1618 1311 1834 1392 Esus-Christ

1188 1419 1343 1481 touchant
1373 1419 1403 1480 la
1430 1415 1598 1481 remissius
1629 1420 1686 1481 des
1714 1418 1832 1500 pechez

1189 1537 1221 1589 et
1250 1525 1282 1587 la
1312 1523 1518 1589 consecution
1550 1526 1590 1587 de
1620 1527 1651 1588 la
1674 1527 1725 1589 vie
1752 1524 1831 1590 eter-

1187 1632 1278 1697 nelle.
1303 1634 1401 1696 Decr.
1426 1652 1467 1712 24
1490 1634 1547 1696 iul.
1572 1639 1660 1695 1626.

1233 1738 1467 1826 Compayr6‚
1497 1739 1637 1802 Gabriel.
1670 1719 1831 1802 Elements

1188 1843 1830 1928 d'instructionmoraleetcivique.Decr.

1188 1971 1234 2032 15
1257 1955 1319 2018 dec.
1343 1958 1434 2017 1882.

1232 2059 1462 2144 compendio
1490 2057 1698 2137 de'discorsi,
1723 2061 1830 2124 chesi

1187 2179 1328 2248 tengono
1359 2169 1442 2231 nella
1473 2168 1562 2248 regia
1593 2166 1768 2231 universita
1797 2168 1831 2229 di

1188 2275 1333 2354 Bologna
1368 2274 1453 2337 dalla
1484 2275 1630 2338 cattedra
1657 2275 1690 2336 di
1715 2274 1830 2337 fisiolo-

1187 2382 1241 2461 gia
1264 2403 1282 2444 e
1305 2382 1338 2444 di
1354 2382 1497 2445 notomia
1516 2392 1711 2463 comparata.
1731 2383 1845 2445 Decrs

1187 2508 1226 2567 23
1249 2492 1318 2554 iun.
1342 2494 1433 2570 2827.

1230 2595 1461 2681 compendio
1484 2596 1569 2659 della
1589 2596 1732 2659 dottrina
1751 2597 1831 2658 chri·

1185 2705 1287 2767 stiana
1304 2726 1362 2786 per
1376 2704 1529 2767 facilitate
1545 2705 1576 2767 la
1592 2704 1730 2785 prattica
1752 2701 1831 2765 d’in·

1186 2812 1333 2891 segnarla
1359 2824 1392 2875 et
1419 2812 1606 2892 imperans,
1636 2831 1696 2873 con
1723 2831 1829 2872 nuova

1185 2919 1356 2998 aggiunta;
1374 2918 1405 2981 in
1423 2919 1534 2982 Cuneo
1554 2935 1648 2998 1714.
1674 2918 1772 2981 Decr.
1790 2923 1829 2980 26

1187 3028 1251 3089 ian.
1276 3044 1367 3106 1719.

1230 3131 1460 3216 compendio
1484 3133 1524 3195 de
1539 3132 1570 3194 12
1585 3131 1720 3194 historia
1739 3132 1781 3193 de
1799 3132 1830 3193 la

1185 3240 1375 3322 inquisicion
1407 3240 1597 3303 extractado
1624 3239 1666 3301 de
1695 3237 1744 3301 los
1767 3259 1829 3300 me·

1180 3348 1268 3428 jores
1295 3360 1423 3411 autores
1450 3368 1510 3428 por
1532 3348 1562 3409 21
1583 3348 1666 3426 pbro
1689 3346 1731 3408 D.
1745 3347 1773 3427 J.
1792 3347 1828 3409 L.

1185 3456 1282 3520 Decr.
1307 3462 1347 3520 26
1368 3476 1446 3535 aug.
1471 3435 1562 3519 2822.

1228 3561 1457 3647 compendio
1477 3562 1530 3624 del
1553 3571 1686 3624 trattato
1709 3560 1828 3623 storico

1183 3670 1370 3749 dogmatico
1392 3670 1504 3733 critico
1527 3669 1610 3732 delle
1636 3668 1829 3746 indulgenze

1184 3797 1243 3839 con
1256 3798 1298 3838 un
1314 3778 1410 3840 breve
1423 3776 1617 3840 catechismo
1630 3775 1713 3838 delle
1725 3775 1829 3836 mede·

1183 3885 1272 3958 sime,
1289 3897 1445 3965 proposto
1465 3885 1518 3946 dal
1534 3904 1673 3947 vescovo
1689 3883 1722 3944 di
1739 3882 1828 3944 Colle

1182 3990 1212 4053 ai
1231 3991 1301 4053 suoi
1322 3991 1481 4072 parrochi.
1507 3991 1606 4054 Decr.
1622 4011 1641 4068 9
1657 3992 1719 4053 dcc.
1736 4008 1825 4069 1793.

1182 4120 1212 4162 v.
1236 4098 1352 4173 Zola,
1380 4098 1554 4179 Giuseppe.

1226 4201 1483 4290 *compendio
1499 4205 1612 4268 critico
1629 4206 1711 4268 della
1727 4203 1827 4267 storia

1183 4324 1296 4375 veneta
1319 4313 1424 4375 antica
1448 4334 1467 4375 e
1489 4313 1644 4375 moderna
1667 4312 1700 4374 di
1725 4312 1764 4374 V.
1789 4312 1825 4374 F.

1184 4420 1292 4483 Donec
1318 4423 1440 4500 corrig.
1466 4420 1564 4484 Decr.
1596 4426 1615 4483 6
1644 4421 1706 4483 dec.
1735 4423 1825 4498 2782.

1182 4547 1211 4591 v.
1236 4527 1521 4603 Formaleoni‚
1545 4527 1716 4589 Vincenzo.

1234 4633 1464 4717 compendio
1505 4633 1713 4713 cronologico
1759 4631 1824 4693 del-

1182 4739 1202 4803 l'
1211 4741 1324 4805 istoria
1345 4742 1572 4817 ecclesiastica,
1589 4741 1620 4803 in
1637 4741 1686 4803 cui
1707 4740 1733 4802 si
1754 4760 1825 4802 con·

1182 4849 1266 4912 tiene
1287 4847 1422 4912 l’istoria
1446 4848 1528 4911 delle
1547 4849 1653 4912 chiese
1672 4847 1825 4911 orientale

1181 4978 1199 5019 e
1221 4956 1429 5031 occidentale,
1453 4955 1476 5018 li
1499 4957 1611 5039 concilj
1643 4955 1783 5035 generali
1806 4976 1824 5016 2

1180 5063 1378 5144 particolari‚
1404 5063 1448 5143 gli
1471 5063 1576 5126 autori
1600 5061 1822 5135 ecclesiastici,

1180 5170 1225 5250 gli
1248 5171 1371 5249 scismi,
1396 5170 1425 5232 12
1455 5170 1572 5244 eresie,
1597 5170 1627 5233 le
1648 5168 1821 5233 istituzioni
