4309 6534
885 805 950 859 Res
966 837 981 847 -
999 801 1070 860 Reh
1602 814 1653 866 255

295 1025 488 1113 preservans.
525 1028 621 1090 Dm·
647 1026 681 1091 S·
710 1026 774 1110 Off·
805 1032 846 1089 13
866 1046 944 1106 ⁰²18·
1048 1031 1274 1114 Reghelllni‚
1298 1036 1342 1098 M.
1359 1034 1500 1097 Examen
1526 1035 1571 1098 du
1593 1054 1658 1098 mo·

296 1165 385 1227 1717.
1005 1144 1120 1207 saisrne
1152 1155 1184 1206 et
1218 1144 1262 1205 du
1294 1144 1534 1210 christianisme.
1560 1145 1656 1209 Decr.

340 1249 549 1339 Refutacao
579 1252 629 1330 (a)
659 1245 702 1306 do
733 1249 813 1310 livro
842 1248 946 1310 intitu-
1004 1271 1044 1326 ²3
1067 1255 1136 1316 iun.
1164 1260 1253 1330 1836.

295 1366 386 1428 lado:
412 1363 565 1443 Salvacfio
589 1361 649 1421 dos
672 1359 852 1420 innocentes
875 1356 947 1436 pelo
1051 1360 1304 1441 [Reghellini,
1341 1362 1416 1442 M.].
1451 1382 1480 1424 v.
1513 1361 1659 1440 Esprit

296 1474 413 1534 senhor
428 1489 550 1548 conego
566 1471 607 1531 da
624 1467 753 1530 basilica
777 1467 817 1527 de
839 1487 864 1529 s.
882 1467 947 1528 Ma·
1005 1468 1049 1529 du
1073 1470 1192 1547 dogme
1209 1469 1249 1530 de
1264 1469 1294 1530 la
1310 1468 1657 1550 iranchemaponnerie.

296 1582 341 1642 ria
377 1579 486 1643 maior.
516 1579 656 1640 Demo
686 1580 763 1655 sept.
795 1578 885 1650 1824.
916 1593 945 1635 v.
1051 1613 1095 1626 -
1119 1598 1148 1641 v.
1173 1578 1441 1660 Maconnerie
1467 1578 1529 1656 (la)
1560 1578 1659 1640 consi·

295 1690 485 1760 Tavares,
511 1687 623 1749 Lucas.
1005 1685 1100 1748 derde
1126 1706 1249 1747 comme
1279 1683 1308 1746 le
1339 1683 1470 1747 resultat
1504 1685 1560 1747 des
1591 1684 1660 1747 reli·

339 1794 568 1874 †Refutatio
589 1791 731 1871 responsi
747 1792 788 1852 ad
805 1788 946 1853 libellum
974 1815 978 1845 ι
1006 1794 1100 1873 gions
1114 1792 1314 1873 egyptienne‚
1324 1792 1413 1873 juive
1424 1803 1455 1854 et
1467 1791 1657 1855 chretienne.

294 1906 344 1966 cui
369 1902 495 1967 titulus:
521 1900 678 1964 Motivum
710 1899 787 1960 iuris
817 1917 875 1977 pro
898 1916 947 1957 ca·
1050 1902 1204 1982 Regius,
1221 1900 1412 1964 Alexander.
1429 1898 1537 1962 Clavis
1552 1921 1657 1974 aurea,

295 2012 396 2091 pitulo
415 2008 591 2073 cathedrali
619 2005 807 2069 harlemensi
833 2002 948 2089 [opus
1006 2031 1069 2091 qua
1092 2010 1277 2088 aperiuntur
1298 2028 1422 2070 errores
1439 2007 1603 2070 Michaelis
1619 2010 1660 2070 de

294 2123 508 2199 conscrtplum
527 2139 547 2178 a
564 2115 734 2177 Bernardo
750 2115 855 2192 Zeger
880 2113 946 2174 Van
1006 2118 1144 2182 Molinos
1161 2117 1275 2180 ineius
1291 2117 1383 2196 libro,
1400 2118 1449 2178 cui
1467 2114 1577 2179 titulus
1593 2129 1657 2178 est:

297 2230 412 2308 Espen,
426 2227 546 2286 editum
557 2245 577 2284 a
594 2222 787 2284 Martinodc
798 2216 946 2306 swaenJ.
1006 2228 1052 2288 La
1064 2226 1163 2304 guida
1181 2225 1343 2304 spirituale
1357 2237 1417 2287 etc.
1434 2225 1528 2287 Decr.
1543 2224 1577 2288 S.
1595 2223 1659 2305 Off.

295 2337 401 2397 Brevi
427 2333 524 2396 Clem.
542 2331 601 2400 XI,
625 2350 646 2408 4
668 2335 724 2393 oct.
748 2346 838 2408 1707.
1006 2351 1052 2411 15
1074 2335 1137 2397 dec.
1162 2338 1250 2396 1682.

339 2438 563 2509 Refutation
596 2436 674 2499 d'un
708 2435 877 2498 monitoire
908 2434 948 2496 de
1051 2440 1183 2522 Regla,
1192 2439 1268 2501 Paul
1281 2441 1330 2502 de.
1344 2437 1434 2518 stus
1447 2440 1488 2500 de
1500 2437 1659 2500 Nazareth

297 2549 519 2627 monseigneur
529 2543 750 2626 l'archevdque
762 2544 803 2605 de
816 2543 948 2604 Malines
1006 2569 1047 2611 au
1071 2547 1160 2628 point
1183 2546 1223 2609 de
1242 2567 1304 2608 vue
1328 2545 1512 2626 historique‚
1537 2544 1660 2608 scienti·

296 2655 419 2736 signifie
450 2653 653 2719 &monsieur
675 2652 857 2713 Guillaume
887 2671 948 2712 van
1006 2654 1614 2736 fiqueetsocial.Decr.14iul.1892.

295 2767 335 2827 de
359 2766 468 2837 Nesse,
493 2773 622 2841 pasteur
651 2762 692 2822 de
719 2781 743 2822 s.
768 2756 946 2831 catherine,
1051 2759 1169 2843 Regle
1200 2763 1257 2823 des
1287 2760 1426 2822 associez
1461 2759 1480 2823 a
1510 2756 1661 2822 l'enlance

295 2870 492 2936 lBruxelles
508 2869 537 2930 le
557 2884 594 2943 17
612 2866 725 2930 {dvrier
741 2871 835 2941 1708.
850 2865 946 2928 Decr.
1007 2871 1048 2932 de
1071 2868 1171 2950 jesus,
1193 2865 1319 2931 modele
1335 2869 1376 2930 de
1391 2868 1563 2947 perlection
1580 2886 1661 2946 pour

295 2979 330 3043 S.
371 2979 434 3059 Off.
470 2996 490 3037 a
522 2980 600 3057 sept.
636 2992 725 3054 1710.
766 2994 795 3037 v.
835 2971 946 3034 Ruth
1006 2990 1080 3040 tous
1103 2976 1148 3039 les
1160 2986 1269 3039 estats.
1287 2976 1383 3037 Decr.
1401 2974 1436 3038 S.
1458 2974 1521 3055 Off.
1533 2992 1573 3049 ²9
1589 2994 1659 3037 nov.

295 3084 436 3159 d'Ans,
461 3082 675 3146 Paul-Ernest.
1007 3088 1096 3159 1689.
1121 3105 1150 3147 v.
1168 3079 1659 3160 Bernieres-Louvigny,

338 3191 561 3260 Refutation
573 3183 872 3269 peremptoired'un
884 3206 948 3247 cer·
1006 3193 1083 3271 jean
1108 3191 1158 3253 de,

295 3301 360 3363 tain
383 3299 484 3372 liutet,
508 3293 620 3359 avorte
643 3294 757 3374 depuis
781 3314 842 3373 peu
866 3295 947 3355 soub
1051 3296 1190 3378 Regles
1207 3294 1490 3375 tresimportantes
1513 3293 1607 3357 tirdes
1619 3294 1660 3357 de

295 3409 324 3469 le
346 3406 431 3470 tiltre
448 3405 488 3467 de
504 3402 611 3466 decret
636 3404 676 3464 de
699 3422 729 3466 n.
754 3422 780 3464 s.
805 3397 888 3480 pere,
906 3420 947 3461 au
1006 3407 1091 3467 deux
1115 3424 1283 3483 passages,
1307 3401 1372 3466 l'un
1403 3404 1446 3464 du
1478 3401 1598 3465 concile
1620 3404 1661 3464 de

297 3513 369 3595 quel
386 3532 426 3574 on
442 3533 460 3572 a
476 3511 598 3592 adjoint
620 3530 680 3570 une
703 3508 840 3570 certaine
862 3505 947 3568 table
1007 3513 1159 3573 Florence
1181 3523 1213 3573 et
1236 3508 1348 3572 l'autre
1372 3512 1412 3572 de
1435 3510 1562 3584 Glaber,
1580 3530 1661 3588 pour

295 3632 327 3682 et
343 3620 496 3700 quelques
511 3617 791 3679 advertissements
807 3613 947 3675 diffama-
1006 3620 1107 3682 servir
1130 3615 1428 3680 d'kclaircissement
1459 3617 1478 3679 ὲ
1505 3614 1660 3679 l’examen

295 3728 391 3788 toires
413 3739 444 3788 et
469 3723 660 3804 hdrdtiquez.
694 3723 789 3786 Decr.
815 3725 854 3782 18
878 3723 946 3784 iun.
1006 3727 1050 3788 du
1081 3726 1160 3788 livre
1191 3729 1237 3788 du
1269 3723 1343 3805 pdre
1373 3725 1492 3804 Bagot,
1522 3721 1659 3787 intituld:

296 3839 384 3897 1680.
1006 3831 1143 3895 Ddsense
1167 3834 1211 3894 du
1241 3831 1327 3895 droit
1359 3830 1529 3912 dpiscopal.
1563 3831 1659 3895 Decr.

339 3939 516 4020 Regaldl,
541 3938 712 4018 Giuseppe.
744 3938 790 3997 La
822 3935 945 4009 bibbia,
1007 3939 1248 4021 SOffiserM,
1264 3937 1661 4018 30221n·1659‚v,D1·ap.

296 4047 390 4109 canti.
415 4046 511 4108 Decr.
535 4064 554 4125 7
577 4046 639 4107 dec.
664 4049 759 4120 1852.
1007 4048 1109 4128 pier,
1134 4046 1218 4127 Guy.

340 4153 481 4233 Regels
513 4151 575 4213 oste
609 4150 766 4212 maximen
798 4169 860 4209 van
894 4149 948 4212 het
1051 4155 1239 4235 †Regole
1270 4154 1311 4215 da
1338 4153 1511 4215 osservarsi
1540 4151 1592 4214 dai
1616 4150 1661 4213 di.

295 4260 511 4322 christendom
529 4259 643 4337 gestelt
660 4257 778 4335 teghen
795 4256 835 4318 de
853 4256 948 4316 maxi·
1006 4262 1073 4324 voti
1099 4261 1132 4322 di
1157 4260 1265 4330 Maria,
1292 4260 1351 4323 che
1374 4260 1559 4339 prolessano
1582 4256 1662 4321 d'es-

297 4387 367 4428 men
391 4386 452 4426 van
476 4366 517 4426 de
539 4363 679 4427 wereldt.
705 4364 801 4427 Decr.
826 4362 860 4426 S.
886 4362 948 4444 Off.
1007 4389 1076 4431 sere
1099 4368 1266 4430 incatenati
1291 4366 1412 4430 schlavi
1435 4365 1469 4428 di
1491 4366 1541 4430 lei.
1564 4366 1660 4430 Decr.

297 4479 316 4535 6
339 4493 416 4551 aug.
437 4476 527 4533 1682.
1009 4474 1046 4540 S.
1064 4475 1128 4557 Off.
1145 4494 1185 4554 14
1200 4477 1262 4540 dec.
1276 4481 1377 4555 1672:
1389 4475 1494 4536 Brevi
1505 4470 1604 4537 Clem.
1617 4474 1660 4538 X.

342 4578 528 4660 Reggius,
561 4577 724 4640 Honorius
760 4573 950 4662 [pseudony·
1009 4584 1252 4662 15dec.1673.

297 4683 400 4769 musl.
421 4684 472 4746 De
490 4697 575 4746 statu
590 4684 740 4746 ecclesiae
756 4684 950 4746 britannicae
1052 4687 1430 4769 Reguleas,ciovanni.
1440 4688 1556 4749 Nuovo
1568 4686 1663 4766 piano

297 4793 474 4864 hodierno,
500 4792 578 4854 liber
601 4792 863 4865 commentarius,
889 4812 950 4853 una
1009 4793 1222 4857 d’istruzione
1253 4793 1286 4857 d'
1302 4793 1462 4873 ideologia
1493 4794 1663 4874 sperimen·

296 4920 368 4960 curn
392 4898 567 4977 appendice
589 4917 709 4973 eorum,
734 4919 816 4979 quae
847 4898 878 4960 in
901 4919 951 4978 sy·
1009 4901 1081 4966 tale.
1114 4902 1211 4966 Decr.
1243 4902 1277 4966 S.
1306 4901 1369 4983 Off.
1400 4908 1440 4964 26
1470 4922 1540 4966 nov.
1572 4904 1660 4979 1834.

297 5007 384 5068 nodo
414 5005 596 5084 glasguensi
632 5019 742 5068 contra
781 5005 950 5085 episcopos
1055 5008 1260 5088 [Rehbold,
1284 5005 1508 5089 Christianus].
1540 5029 1570 5071 v.
1592 5006 1663 5069 Sa·

297 5114 423 5174 decreta
454 5124 537 5176 sunt.
571 5113 667 5176 Decr.
699 5118 738 5174 16
765 5116 948 5191 iun.1671.
1008 5114 1147 5176 lomon
1173 5126 1205 5175 et
1241 5113 1446 5193 Marcolphus
1473 5126 1603 5177 auctore
1627 5118 1659 5176 Δ.

296 5241 325 5283 v.
351 5219 552 5295 Hornius,
577 5219 748 5298 Georgius.
1011 5225 1046 5285 Χ.
1072 5225 1105 5284 Δ.
