4309 6534
958 832 1172 878 PRAEFATIO.
1642 829 1734 878 XXIII

396 1047 471 1122 alio
498 1071 590 1120 vero
616 1045 750 1118 deinde
778 1045 931 1119 decreto
959 1045 1128 1119 eiusdem
1156 1067 1272 1140 opera
1300 1044 1423 1119 omnia
1451 1044 1636 1141 prohibita
1658 1044 1734 1118 Iue-

396 1205 493 1276 runt,
524 1186 692 1286 singulos
718 1188 894 1262 librorum
919 1187 967 1260 de
995 1212 1036 1261 re
1063 1187 1275 1286 theologica
1302 1188 1492 1285 agentium
1520 1202 1585 1260 aut
1612 1188 1732 1260 bonos

397 1357 524 1406 mores
543 1331 805 1406 offendentium
825 1331 954 1405 titulos
973 1355 1047 1405 non
1067 1332 1333 1429 expressimus,
1354 1331 1590 1406 decretorum
1610 1345 1734 1404 tamen

397 1477 561 1552 omnium
589 1475 671 1550 dies
698 1490 738 1550 et
764 1501 884 1549 annos
910 1475 1184 1550 adnotavimus.

478 1620 687 1695 Nonnullos
722 1619 836 1693 libros
873 1619 983 1717 signo
1010 1631 1059 1705 -Ι-,
1099 1619 1192 1694 alios
1229 1618 1452 1695 asterisco*
1483 1619 1729 1706 distinximus,

396 1789 473 1861 quo
486 1762 626 1838 facilius
645 1763 762 1837 lector
780 1763 899 1860 prima
913 1762 1034 1837 fronte
1049 1761 1316 1860 deprehendat,
1334 1765 1483 1861 quinam
1502 1762 1581 1838 libri
1601 1763 1732 1837 solem·

396 1908 489 1982 niori
516 1908 659 1981 ratione
685 1933 755 2005 per
780 1906 1007 2005 apostolicas
1035 1907 1186 1994 litteras,
1214 1924 1253 1981 et
1281 1909 1432 2006 quinam
1461 1933 1535 1983 non
1561 1908 1732 1982 absolute

396 2052 464 2125 sed
492 2051 637 2125 adiecta
665 2050 830 2124 clausula
856 2050 964 2124 dorm
981 2050 1222 2146 cngrantur
1239 2050 1375 2124 fuerint
1392 2052 1600 2148 proscripti.
1624 2051 1731 2123 Haec

392 2210 520 2267 autem
549 2193 733 2267 distinctio
761 2192 912 2266 modum
941 2207 1097 2276 tantum,
1119 2217 1192 2266 non
1220 2207 1345 2267 autem
1374 2192 1544 2267 eflectum
1571 2191 1731 2289 prohibi·

392 2335 503 2408 tionis
540 2335 699 2431 respicit
730 2333 927 2428 Quaenam
964 2358 1109 2430 poenae
1145 2334 1183 2408 in
1218 2334 1389 2432 legentes
1424 2336 1484 2410 vel
1510 2335 1727 2410 retinentes

392 2477 507 2554 libros
535 2504 759 2576 quocunque
780 2479 893 2554 modo
912 2479 947 2553 in
966 2479 1127 2552 Iudicem
1148 2478 1286 2553 relatos
1315 2482 1478 2555 sancitae
1507 2480 1590 2567 sint,
1612 2479 1731 2553 lector

394 2648 442 2696 ex
479 2621 764 2697 Constitutionis
800 2620 1061 2696 ‹Officiorum
1098 2647 1143 2696 ac
1180 2647 1415 2697 munerum»
1458 2622 1622 2698 numeris
1659 2643 1726 2716 47,

393 2769 457 2857 48,
488 2788 539 2856 49
569 2762 711 2837 discere
740 2779 878 2861 potest.

1022 3140 1089 3216 Fu.
1119 3141 1282 3217 Tuouas
1310 3143 1439 3230 Essurn
1471 3141 1565 3216 Ord.
1596 3141 1727 3215 Praed.

1163 3265 1195 3319 S.
1215 3265 1326 3319 Indicis
1346 3264 1575 3333 Congregalr‘oni

1284 3372 1303 3409 a
1319 3356 1449 3410 secretis.
