4309 6534
399 745 449 796 168
994 740 1054 795 Ion
1072 768 1086 778 -
1106 738 1149 792 Itl

1109 838 1393 847 ——-——---—

435 951 661 1030 Ionstonus,
698 950 865 1015 lohannes.
898 950 1041 1012 Naturae
1100 950 1198 1015 Decr.
1222 968 1261 1028 31
1291 955 1356 1018 iam
1387 958 1482 1032 1652.
1514 974 1543 1019 v.
1568 953 1761 1033 Belling,

389 1057 569 1121 constantia
591 1078 647 1120 seu
671 1057 819 1133 diatribe,
841 1056 874 1120 in
897 1078 961 1138 qua
985 1077 1042 1137 per
1102 1059 1295 1125 Richardus.

390 1166 603 1245 posteriorum
638 1177 818 1247 temporum
852 1186 925 1228 cum
959 1164 1043 1246 prio
1144 1166 1258 1248 Isaia,
1274 1167 1446 1232 Antonino.
1463 1169 1572 1232 Storia
1587 1169 1628 1231 ed
1650 1189 1766 1232 esame

390 1273 478 1337 ribus
508 1274 709 1338 collationem
734 1274 888 1337 mundum
915 1294 973 1336 nec
997 1294 1043 1336 ra·
1103 1274 1185 1336 della
1207 1274 1359 1337 enciclica
1389 1297 1407 1338 e
1431 1275 1483 1337 del
1512 1276 1628 1339 sillabo
1651 1272 1762 1339 dell’8

390 1381 476 1445 tione
491 1383 541 1445 sui
557 1383 663 1459 totius,
680 1404 738 1446 nec
761 1383 883 1446 ratione
903 1382 1043 1462 partium
1103 1381 1266 1444 dicembre
1287 1388 1380 1461 1864.
1397 1383 1493 1449 Decr.
1510 1388 1550 1445 26
1564 1388 1643 1464 sept.
1659 1387 1724 1445 186
1724 1399 1762 1461 5.

389 1489 611 1553 universaliter
641 1501 672 1553 et
702 1502 857 1572 perpetuo
887 1489 920 1551 in
953 1488 1044 1568 peius
1147 1491 1166 1569 †
1200 1490 1412 1569 Isenbiehl,
1455 1491 1577 1553 Iohann
1623 1491 1762 1555 Lorenz.

391 1616 483 1659 ruere
494 1597 685 1663 ostenditur.
702 1599 800 1663 Derr.
816 1616 855 1674 19
866 1602 943 1677 sept.
956 1601 1043 1674 1633.
1103 1598 1208 1660 Neuer
1223 1597 1367 1660 Versuch
1382 1599 1461 1659 iiber
1476 1597 1529 1659 die
1539 1598 1766 1679 Weissagung

437 1739 478 1751 -
506 1705 709 1768 Thaumato·
717 1704 852 1785 graphia
891 1702 1044 1767 naturalis
1103 1725 1178 1768 vom
1188 1705 1384 1769 Emmanuel.
1394 1705 1562 1768 Brevr‘Pii
1569 1705 1620 1769 VI.
1630 1713 1762 1789 2osept.

393 1810 425 1873 in
456 1810 567 1874 decem
598 1812 716 1876 classes
750 1812 913 1876 distincta.
945 1811 1043 1874 Decr.
1104 1830 1193 1892 1779.

391 1922 433 1979 18
455 1920 513 1984 iul.
538 1925 626 1998 1634.
1116 1991 1119 1996 ,
1148 1920 1293 2000 Isoard,
1315 1918 1700 2000 Jean-Baptiste·Claude.
1730 1942 1761 1986 v.

435 2027 641 2091 -Historia
654 2027 756 2092 civilis
770 2040 803 2092 et
819 2025 1043 2091 ecclesiastica.
1106 2027 1268 2091 Delisle
1299 2027 1348 2089 de
1378 2026 1516 2091 Sales.

392 2132 490 2199 Decr.
514 2141 730 2215 50111649.
1149 2132 1289 2201 Istoria
1315 2133 1366 2196 dei
1389 2133 1514 2196 concilii
1537 2154 1556 2196 e
1577 2134 1681 2196 sinodi
1706 2155 1764 2215 ap·

437 2278 478 2288 -
496 2243 546 2304 De
560 2242 648 2306 sestis
665 2245 886 2307 Hebraeorum
902 2254 934 2305 et
950 2242 1047 2303 Grae·
1106 2241 1231 2322 provati
1254 2263 1272 2303 e
1295 2241 1512 2321 disapprovati
1537 2241 1589 2303 dai
1612 2242 1696 2321 papi,
1715 2263 1765 2305 ar·

392 2369 503 2412 corum
534 2350 745 2417 schediasma.
781 2351 878 2416 Decr.
906 2369 946 2412 20
977 2352 1045 2412 iun.
1106 2349 1239 2412 ricchita
1263 2348 1345 2410 della
1368 2348 1553 2427 cronologia
1577 2349 1627 2411 dei
1651 2362 1765 2429 ponte·

393 2462 482 2522 1662.
1106 2456 1156 2520 fici
1172 2457 1214 2518 da
1230 2477 1256 2520 s.
1269 2456 1374 2519 Pietro
1390 2456 1453 2519 fino
1468 2478 1487 2518 a
1503 2456 1560 2519 Pio
1571 2457 1625 2530 Vl,
1643 2457 1729 2520 dove
1744 2480 1763 2520 a

437 2598 481 2612 ·-
509 2564 728 2645 Polymathiae
751 2564 966 2646 philologicae
989 2584 1045 2625 seu
1105 2565 1197 2643 colpo
1221 2560 1366 2625 d'occhio
1389 2563 1415 2625 si
1431 2564 1512 2625 vede
1528 2564 1656 2645 quando
1680 2584 1763 2628 sono

393 2670 491 2734 totius
515 2671 732 2735 universitatis
755 2672 798 2735 ad
821 2691 897 2734 suos
918 2670 1046 2734 ordines
1107 2672 1182 2735 stati
1206 2670 1312 2744 creati,
1330 2669 1352 2731 il
1376 2682 1484 2749 tempo
1507 2671 1567 2732 che
1590 2672 1765 2734 1111111010-

393 2779 1045 2857 101001110100111011110.0111191113.
1106 2788 1206 2855 gnato
1229 2796 1247 2837 e
1270 2775 1291 2836 il
1314 2775 1428 2853 giorno
1453 2775 1535 2837 della
1558 2775 1627 2836 loro
1648 2790 1764 2839 morte.

396 2890 486 2962 1690.
1108 2885 1204 2947 Decr.
1229 2887 1379 2960 31111011.
1404 2887 1492 2962 1788.

439 2993 622 3075 Iosephus
656 2992 794 3057 Flavius.
825 3014 854 3057 v.
885 2992 1047 3069 Ottius,
1151 2989 1397 3058 *Istruzione
1426 2990 1575 3070 generale
1604 2991 1684 3054 sulle
1711 3011 1764 3052 ve·

397 3100 531 3162 Ioannes
555 3100 708 3179 Baptista.
734 3099 954 3179 spicilegium.
1109 3097 1170 3162 rita
1184 3098 1332 3161 cristiane
1347 3098 1379 3159 in
1392 3098 1491 3160 forma
1508 3099 1541 3159 di
1557 3098 1763 3163 catechismo.

438 3206 628 3288 Uoubert,
653 3205 830 3289 Franpoisl
857 3227 885 3271 v.
911 3206 1050 3269 Paral·
1109 3205 1216 3267 Donec
1237 3207 1358 3282 corrig.
1384 3204 1481 3268 Decr.
1505 3222 1545 3264 11
1569 3208 1636 3269 iun.
1661 3210 1753 3284 1827.

394 3308 476 3375 lele
498 3310 625 3391 abrege.
1109 3334 1137 3377 v.
1163 3312 1431 3374 Educazione
1453 3312 1494 3374 ed
1519 3312 1690 3374 istruzione
1705 3312 1766 3374 cri·

438 3420 575 3502 Uouin,
592 3420 747 3502 Nicolas].
764 3442 793 3486 v.
811 3418 963 3483 Proces
977 3440 1050 3483 con·
1108 3422 1220 3496 stiana,
1243 3422 1328 3483 ossia
1352 3420 1548 3483 catechismo
1572 3419 1763 3485 universale.

395 3537 444 3590 tre
467 3527 513 3589 les
532 3524 677 3609 jesuites.
1153 3528 1374 3595 Istruzione.
1401 3548 1429 3592 v.
1460 3526 1764 3593 Instruttione.

431 3634 594 3716 Journal
618 3636 676 3696 des
700 3614 814 3697 choses
838 3633 1049 3698 memorables
1152 3633 1354 3703 Istruzioni
1371 3635 1498 3697 intorno
1513 3633 1544 3695 la
1561 3646 1650 3695 santa
1666 3633 1763 3709 Sede,

393 3740 556 3802 advenues
579 3741 696 3803 durant
719 3740 749 3802 le
773 3738 871 3819 regne
895 3741 936 3804 de
960 3742 1049 3803 Hen·
1110 3744 1251 3806 tradotte
1275 3742 1327 3804 dal
1350 3743 1500 3806 francese.
1525 3743 1621 3804 Decr.
1640 3739 1677 3804 S.
1700 3742 1764 3823 Off.

395 3868 434 3927 ry
450 3848 506 3923 111,
523 3868 582 3928 roy
597 3848 638 3910 de
654 3849 775 3910 France
790 3860 823 3910 et
840 3848 880 3909 de
896 3849 1047 3927 Pologne.
1101 3851 1172 3930 fer.
1200 3850 1232 3915 V.
1257 3870 1277 3928 4
1300 3852 1359 3913 iul.
1383 3855 1443 3911 126
1445 3868 1479 3928 5.
1503 3872 1532 3915 v.
1558 3848 1688 3928 Esprit
1711 3847 1766 3930 (l')

397 3954 495 4020 Decr.
509 3972 549 4034 17
566 3958 631 4020 ian.
644 3972 733 4034 1747.
751 3975 780 4018 v.
798 3950 1048 4029 L'Estoille,
1109 3960 1150 4019 de
1173 3958 1307 4021 Gerson.

397 4061 504 4123 Pierre
528 4062 578 4126 de.
1153 4064 1355 4131 Istruzioni
1383 4078 1504 4128 secrete
1531 4064 1614 4126 della
1637 4083 1765 4143 compa·

384 4237 392 4251 ,
433 4169 671 4252 Jovellanos,
695 4168 821 4247 Gaspar
837 4168 981 4231 Melchor
998 4169 1049 4233 de.
1109 4172 1185 4251 gnia
1219 4171 1251 4232 di
1284 4167 1370 4233 Gesti
1401 4192 1461 4234 con
1492 4170 1677 4251 importanti
1710 4192 1766 4250 ag·

396 4276 535 4339 Inlorme
566 4275 607 4337 de
629 4274 659 4336 la
683 4275 836 4338 sociedad
866 4273 1050 4339 econdmica
1109 4278 1228 4357 giunte.
1255 4279 1350 4340 Decr.
1375 4283 1628 4359 22sepl.1836.

398 4383 439 4446 de
462 4383 591 4446 Madrid
615 4382 646 4444 al
669 4383 734 4443 real
757 4405 779 4462 y
801 4403 953 4462 supremo
979 4404 1051 4447 con·
1154 4385 1268 4452 Italia
1290 4381 1373 4464 (all’)
1386 4385 1466 4445 nelle
1482 4386 1610 4447 tenebre
1626 4381 1765 4447 l'aurora

397 4493 465 4574 sejo
482 4491 522 4554 de
538 4490 670 4553 Castilla
693 4510 733 4551 en
756 4490 785 4550 el
804 4491 994 4570 expediente
1010 4492 1050 4553 de
1109 4506 1203 4573 porta
1226 4492 1256 4554 la
1279 4492 1357 4555 luce.
1384 4491 1565 4553 Rillessioni
1589 4491 1766 4553 filosoficlre

397 4599 449 4679 ley
471 4597 606 4677 agraria,
625 4596 800 4659 extendido
823 4618 883 4677 por
905 4598 935 4659 el
958 4612 1051 4661 autor
1110 4621 1127 4660 e
1155 4598 1285 4672 morali,
1311 4598 1495 4660 documenti
1525 4598 1565 4658 ed
1597 4597 1697 4659 avvisi
1722 4597 1765 4658 al·

398 4727 437 4768 en
461 4707 594 4767 nombre
610 4704 650 4765 de
665 4704 696 4766 la
711 4706 799 4782 iunta
815 4706 994 4785 encargada
1012 4706 1052 4767 de
1109 4703 1240 4781 l’ltalia;
1265 4707 1395 4768 sistema
1418 4725 1524 4767 nuovo
1545 4705 1606 4765 mni
1631 4715 1767 4768 11111110

398 4830 438 4876 su
461 4812 644 4876 lormacion.
670 4813 766 4877 Decr.
791 4830 817 4890 5
838 4819 915 4893 sept.
939 4818 999 4875 182
1001 4830 1034 4890 5.
1112 4815 1190 4895 pria,
1209 4827 1300 4876 tanto
1315 4813 1402 4891 dagli
1417 4812 1536 4875 antichi
1553 4813 1612 4874 che
1628 4811 1680 4872 dai
1701 4833 1767 4873 mo·

444 4921 636 4998 irenaeus,
653 4919 837 4999 Philopater
862 4916 1052 5003 [pseudony·
1112 4922 1202 4984 derni
1222 4921 1371 4989 scrittori.
1390 4922 1486 4984 Decr.
1505 4938 1544 4999 17
1561 4923 1656 4981 marl.
1674 4924 1764 4997 1817.

398 5023 502 5113 ntrtsJ.
519 5026 739 5089 Vindiciarum
752 5026 982 5089 catholicorum
996 5028 1052 5089 Hi·
1155 5029 1356 5097 Itinerario
1382 5027 1463 5090 della
1483 5038 1572 5090 corte
1593 5026 1626 5088 di
1650 5027 1764 5101 Roma,

399 5133 527 5198 herniae
556 5133 598 5195 ad
626 5133 840 5214 Alitophilum
871 5134 945 5197 libri
977 5135 1052 5200 duo.
1112 5130 1231 5197 hvero
1255 5131 1767 5208 11111011111011000101101011100
