<?xml version="1.0" encoding="UTF-8"?>
<!DOCTYPE html PUBLIC "-//W3C//DTD XHTML 1.0 Transitional//EN"
    "http://www.w3.org/TR/xhtml1/DTD/xhtml1-transitional.dtd">
<html xmlns="http://www.w3.org/1999/xhtml" xml:lang="en" lang="en">
 <head>
  <title>
</title>
<meta http-equiv="Content-Type" content="text/html;charset=utf-8" />
  <meta name='ocr-system' content='tesseract 3.04.00' />
  <meta name='ocr-capabilities' content='ocr_page ocr_carea ocr_par ocr_line ocrx_word'/>
</head>
<body>
  <div class='ocr_page' id='page_1' title='image "./indexlibrorumpr02unkngoog_0047.png"; bbox 0 0 4309 6534; ppageno 0'>
   <div class='ocr_carea' id='block_1_1' title="bbox 720 1100 1436 1196">
    <p class='ocr_par' dir='ltr' id='par_1_1' title="bbox 720 1100 1436 1196">
     <span class='ocr_line' id='line_1_1' title="bbox 720 1100 1436 1196; baseline 0 -2"><span class='ocrx_word' id='word_1_1' title='bbox 720 1100 1056 1196; x_wconf 84' lang='lat' dir='ltr'>BENEDICII</span> <span class='ocrx_word' id='word_1_2' title='bbox 1087 1100 1298 1195; x_wconf 84' lang='lat' dir='ltr'>PAPAE</span> <span class='ocrx_word' id='word_1_3' title='bbox 1328 1100 1436 1194; x_wconf 89' lang='lat' dir='ltr'>XIV</span> 
     </span>
    </p>
   </div>
   <div class='ocr_carea' id='block_1_2' title="bbox 848 1410 1316 1513">
    <p class='ocr_par' dir='ltr' id='par_1_2' title="bbox 848 1410 1316 1513">
     <span class='ocr_line' id='line_1_2' title="bbox 848 1410 1316 1513; baseline -0.002 -2"><span class='ocrx_word' id='word_1_4' title='bbox 848 1410 1316 1513; x_wconf 88' lang='lat' dir='ltr'>CONSTITVTIO</span> 
     </span>
    </p>
   </div>
   <div class='ocr_carea' id='block_1_3' title="bbox 449 1730 1706 1990">
    <p class='ocr_par' dir='ltr' id='par_1_3' title="bbox 449 1730 1706 1990">
     <span class='ocr_line' id='line_1_3' title="bbox 449 1730 1706 1825; baseline 0.003 -22"><span class='ocrx_word' id='word_1_5' title='bbox 449 1730 563 1825; x_wconf 85' lang='lat' dir='ltr'>QVA</span> <span class='ocrx_word' id='word_1_6' title='bbox 597 1732 897 1807; x_wconf 88' lang='lat' dir='ltr'>METHODVS</span> <span class='ocrx_word' id='word_1_7' title='bbox 930 1733 1344 1809; x_wconf 88' lang='lat' dir='ltr'>PRAESCRIBITVR</span> <span class='ocrx_word' id='word_1_8' title='bbox 1375 1735 1428 1808; x_wconf 92' lang='lat' dir='ltr'>IN</span> <span class='ocrx_word' id='word_1_9' title='bbox 1461 1732 1706 1809; x_wconf 90' lang='lat' dir='ltr'>EXAMINE</span> 
     </span>
     <span class='ocr_line' id='line_1_4' title="bbox 504 1912 1639 1990; baseline 0.002 -2"><span class='ocrx_word' id='word_1_10' title='bbox 504 1913 574 1988; x_wconf 86' lang='lat' dir='ltr'>ET</span> <span class='ocrx_word' id='word_1_11' title='bbox 603 1912 1016 1989; x_wconf 77' lang='lat' dir='ltr'>PROSCRIPTIONE</span> <span class='ocrx_word' id='word_1_12' title='bbox 1045 1913 1319 1990; x_wconf 91' lang='lat' dir='ltr'>LIBRORVM</span> <span class='ocrx_word' id='word_1_13' title='bbox 1349 1914 1639 1990; x_wconf 88' lang='lat' dir='ltr'>SERVANDA</span> 
     </span>
    </p>
   </div>
   <div class='ocr_carea' id='block_1_4' title="bbox 704 2424 1445 2512">
    <p class='ocr_par' dir='ltr' id='par_1_4' title="bbox 704 2424 1445 2512">
     <span class='ocr_line' id='line_1_5' title="bbox 704 2424 1445 2512; baseline 0.001 -4"><span class='ocrx_word' id='word_1_14' title='bbox 704 2424 1089 2511; x_wconf 87' lang='lat' dir='ltr'>BENEDICTVS</span> <span class='ocrx_word' id='word_1_15' title='bbox 1123 2425 1445 2512; x_wconf 88' lang='lat' dir='ltr'>EPISCOPVS</span> 
     </span>
    </p>
   </div>
   <div class='ocr_carea' id='block_1_5' title="bbox 612 2664 1540 2736">
    <p class='ocr_par' dir='ltr' id='par_1_5' title="bbox 612 2664 1540 2736">
     <span class='ocr_line' id='line_1_6' title="bbox 612 2664 1540 2736; baseline 0.001 -5"><span class='ocrx_word' id='word_1_16' title='bbox 612 2664 906 2734; x_wconf 84' lang='lat' dir='ltr'>SERVVS</span> <span class='ocrx_word' id='word_1_17' title='bbox 950 2666 1363 2736; x_wconf 83' lang='lat' dir='ltr'>SERVORVM</span> <span class='ocrx_word' id='word_1_18' title='bbox 1410 2666 1540 2733; x_wconf 86' lang='lat' dir='ltr'>DEI</span> 
     </span>
    </p>
   </div>
   <div class='ocr_carea' id='block_1_6' title="bbox 795 2887 1355 2935">
    <p class='ocr_par' dir='ltr' id='par_1_6' title="bbox 795 2887 1355 2935">
     <span class='ocr_line' id='line_1_7' title="bbox 795 2887 1355 2935; baseline 0 -1"><span class='ocrx_word' id='word_1_19' title='bbox 795 2889 844 2934; x_wconf 84' lang='lat' dir='ltr'>AD</span> <span class='ocrx_word' id='word_1_20' title='bbox 865 2889 1074 2935; x_wconf 80' lang='lat' dir='ltr'>PERPETVAM</span> <span class='ocrx_word' id='word_1_21' title='bbox 1096 2889 1153 2935; x_wconf 88' lang='lat' dir='ltr'>REI</span> <span class='ocrx_word' id='word_1_22' title='bbox 1174 2887 1355 2934; x_wconf 81' lang='lat' dir='ltr'>MEMORIAM</span> 
     </span>
    </p>
   </div>
   <div class='ocr_carea' id='block_1_7' title="bbox 401 3105 1752 3321">
    <p class='ocr_par' dir='ltr' id='par_1_7' title="bbox 401 3105 1752 3321">
     <span class='ocr_line' id='line_1_8' title="bbox 401 3105 1752 3321; baseline 0.003 -22"><span class='ocrx_word' id='word_1_23' title='bbox 401 3105 633 3303; x_wconf 69' lang='lat' dir='ltr'>Sonucna</span> <span class='ocrx_word' id='word_1_24' title='bbox 654 3258 699 3303; x_wconf 74' lang='lat' dir='ltr'>ac</span> <span class='ocrx_word' id='word_1_25' title='bbox 720 3258 871 3304; x_wconf 73' lang='lat' dir='ltr'>rnovrna</span> <span class='ocrx_word' id='word_1_26' title='bbox 892 3256 1118 3303; x_wconf 89' lang='lat' dir='ltr'>romanorum</span> <span class='ocrx_word' id='word_1_27' title='bbox 1138 3238 1344 3303; x_wconf 91' lang='lat' dir='ltr'>Pontificum</span> <span class='ocrx_word' id='word_1_28' title='bbox 1365 3239 1674 3321; x_wconf 91' lang='lat' dir='ltr'>praedecessorum</span> <span class='ocrx_word' id='word_1_29' title='bbox 1695 3256 1752 3303; x_wconf 86' lang='lat' dir='ltr'>no</span> 
     </span>
    </p>
   </div>
   <div class='ocr_carea' id='block_1_8' title="bbox 392 3375 1751 5351">
    <p class='ocr_par' dir='ltr' id='par_1_8' title="bbox 392 3375 1751 5351">
     <span class='ocr_line' id='line_1_9' title="bbox 395 3375 1750 3458; baseline 0.001 -22"><span class='ocrx_word' id='word_1_30' title='bbox 395 3384 550 3437; x_wconf 89' lang='lat' dir='ltr'>strorum</span> <span class='ocrx_word' id='word_1_31' title='bbox 579 3375 758 3457; x_wconf 77' lang='lat' dir='ltr'>VIgilantia</span> <span class='ocrx_word' id='word_1_32' title='bbox 777 3376 814 3439; x_wconf 93' lang='lat' dir='ltr'>in</span> <span class='ocrx_word' id='word_1_33' title='bbox 835 3394 913 3440; x_wconf 92' lang='lat' dir='ltr'>eam</span> <span class='ocrx_word' id='word_1_34' title='bbox 933 3394 1072 3458; x_wconf 88' lang='lat' dir='ltr'>semper</span> <span class='ocrx_word' id='word_1_35' title='bbox 1094 3394 1215 3440; x_wconf 90' lang='lat' dir='ltr'>curam</span> <span class='ocrx_word' id='word_1_36' title='bbox 1239 3375 1414 3455; x_wconf 89' lang='lat' dir='ltr'>incubuit,</span> <span class='ocrx_word' id='word_1_37' title='bbox 1443 3385 1481 3439; x_wconf 91' lang='lat' dir='ltr'>ut</span> <span class='ocrx_word' id='word_1_38' title='bbox 1509 3375 1750 3440; x_wconf 89' lang='lat' dir='ltr'>christifideles</span> 
     </span>
     <span class='ocr_line' id='line_1_10' title="bbox 394 3511 1751 3593; baseline 0 -20"><span class='ocrx_word' id='word_1_39' title='bbox 394 3512 440 3573; x_wconf 91' lang='lat' dir='ltr'>ab</span> <span class='ocrx_word' id='word_1_40' title='bbox 461 3529 584 3575; x_wconf 91' lang='lat' dir='ltr'>eorum</span> <span class='ocrx_word' id='word_1_41' title='bbox 604 3512 771 3577; x_wconf 91' lang='lat' dir='ltr'>librorum</span> <span class='ocrx_word' id='word_1_42' title='bbox 792 3513 941 3577; x_wconf 90' lang='lat' dir='ltr'>lectione</span> <span class='ocrx_word' id='word_1_43' title='bbox 955 3521 1140 3592; x_wconf 79' lang='lat' dir='ltr'>averteret,</span> <span class='ocrx_word' id='word_1_44' title='bbox 1156 3531 1201 3576; x_wconf 87' lang='lat' dir='ltr'>ex</span> <span class='ocrx_word' id='word_1_45' title='bbox 1218 3512 1342 3593; x_wconf 94' lang='lat' dir='ltr'>quibus</span> <span class='ocrx_word' id='word_1_46' title='bbox 1361 3511 1493 3575; x_wconf 91' lang='lat' dir='ltr'>incauti</span> <span class='ocrx_word' id='word_1_47' title='bbox 1513 3530 1555 3576; x_wconf 88' lang='lat' dir='ltr'>ac</span> <span class='ocrx_word' id='word_1_48' title='bbox 1576 3511 1751 3593; x_wconf 84' lang='lat' dir='ltr'>simplices</span> 
     </span>
     <span class='ocr_line' id='line_1_11' title="bbox 394 3646 1750 3729; baseline 0.002 -20"><span class='ocrx_word' id='word_1_49' title='bbox 394 3646 595 3710; x_wconf 88' lang='lat' dir='ltr'>detrimenti</span> <span class='ocrx_word' id='word_1_50' title='bbox 622 3646 798 3728; x_wconf 84' lang='lat' dir='ltr'>quidpiam</span> <span class='ocrx_word' id='word_1_51' title='bbox 825 3665 952 3728; x_wconf 88' lang='lat' dir='ltr'>capere</span> <span class='ocrx_word' id='word_1_52' title='bbox 979 3656 1140 3729; x_wconf 88' lang='lat' dir='ltr'>possent,</span> <span class='ocrx_word' id='word_1_53' title='bbox 1165 3646 1341 3728; x_wconf 91' lang='lat' dir='ltr'>imbuique</span> <span class='ocrx_word' id='word_1_54' title='bbox 1372 3646 1590 3728; x_wconf 90' lang='lat' dir='ltr'>opinionibus</span> <span class='ocrx_word' id='word_1_55' title='bbox 1610 3666 1651 3711; x_wconf 91' lang='lat' dir='ltr'>ac</span> <span class='ocrx_word' id='word_1_56' title='bbox 1673 3648 1750 3712; x_wconf 92' lang='lat' dir='ltr'>doc-</span> 
     </span>
     <span class='ocr_line' id='line_1_12' title="bbox 395 3776 1750 3861; baseline 0 -20"><span class='ocrx_word' id='word_1_57' title='bbox 395 3776 509 3856; x_wconf 66' lang='lat' dir='ltr'>trinis</span> <span class='ocrx_word' id='word_1_58' title='bbox 531 3796 620 3860; x_wconf 90' lang='lat' dir='ltr'>quae</span> <span class='ocrx_word' id='word_1_59' title='bbox 641 3780 699 3843; x_wconf 87' lang='lat' dir='ltr'>vel</span> <span class='ocrx_word' id='word_1_60' title='bbox 720 3796 856 3843; x_wconf 91' lang='lat' dir='ltr'>morum</span> <span class='ocrx_word' id='word_1_61' title='bbox 876 3777 1084 3861; x_wconf 86' lang='lat' dir='ltr'>integritati,</span> <span class='ocrx_word' id='word_1_62' title='bbox 1106 3779 1164 3841; x_wconf 87' lang='lat' dir='ltr'>vel</span> <span class='ocrx_word' id='word_1_63' title='bbox 1185 3777 1379 3841; x_wconf 88' lang='lat' dir='ltr'>catholicae</span> <span class='ocrx_word' id='word_1_64' title='bbox 1402 3777 1580 3860; x_wconf 86' lang='lat' dir='ltr'>religionis</span> <span class='ocrx_word' id='word_1_65' title='bbox 1611 3778 1750 3861; x_wconf 91' lang='lat' dir='ltr'>dogma·</span> 
     </span>
     <span class='ocr_line' id='line_1_13' title="bbox 394 3912 1749 3994; baseline 0.004 -19"><span class='ocrx_word' id='word_1_66' title='bbox 394 3912 488 3976; x_wconf 87' lang='lat' dir='ltr'>tibus</span> <span class='ocrx_word' id='word_1_67' title='bbox 508 3913 748 3978; x_wconf 91' lang='lat' dir='ltr'>adversantur.</span> <span class='ocrx_word' id='word_1_68' title='bbox 770 3914 868 3994; x_wconf 90' lang='lat' dir='ltr'>Nam,</span> <span class='ocrx_word' id='word_1_69' title='bbox 890 3924 929 3979; x_wconf 90' lang='lat' dir='ltr'>ut</span> <span class='ocrx_word' id='word_1_70' title='bbox 950 3914 1225 3979; x_wconf 90' lang='lat' dir='ltr'>vetustissimum</span> <span class='ocrx_word' id='word_1_71' title='bbox 1248 3916 1427 3981; x_wconf 88' lang='lat' dir='ltr'>mittamus</span> <span class='ocrx_word' id='word_1_72' title='bbox 1447 3917 1560 3981; x_wconf 87' lang='lat' dir='ltr'>sancti</span> <span class='ocrx_word' id='word_1_73' title='bbox 1584 3916 1749 3981; x_wconf 85' lang='lat' dir='ltr'>Gelasiil</span> 
     </span>
     <span class='ocr_line' id='line_1_14' title="bbox 394 4047 1750 4133; baseline 0.004 -23"><span class='ocrx_word' id='word_1_74' title='bbox 394 4047 593 4128; x_wconf 88' lang='lat' dir='ltr'>decretum,</span> <span class='ocrx_word' id='word_1_75' title='bbox 615 4066 772 4130; x_wconf 92' lang='lat' dir='ltr'>quaeque</span> <span class='ocrx_word' id='word_1_76' title='bbox 792 4050 863 4113; x_wconf 91' lang='lat' dir='ltr'>iam</span> <span class='ocrx_word' id='word_1_77' title='bbox 883 4050 1017 4132; x_wconf 89' lang='lat' dir='ltr'>pridem</span> <span class='ocrx_word' id='word_1_78' title='bbox 1041 4069 1063 4113; x_wconf 93' lang='lat' dir='ltr'>a</span> <span class='ocrx_word' id='word_1_79' title='bbox 1085 4049 1257 4133; x_wconf 84' lang='lat' dir='ltr'>Gregorio</span> <span class='ocrx_word' id='word_1_80' title='bbox 1286 4050 1335 4114; x_wconf 91' lang='lat' dir='ltr'>IX</span> <span class='ocrx_word' id='word_1_81' title='bbox 1362 4051 1507 4133; x_wconf 81' lang='lat' dir='ltr'>alfisque</span> <span class='ocrx_word' id='word_1_82' title='bbox 1527 4051 1750 4116; x_wconf 88' lang='lat' dir='ltr'>Pontificibus</span> 
     </span>
     <span class='ocr_line' id='line_1_15' title="bbox 394 4182 1750 4270; baseline 0.004 -25"><span class='ocrx_word' id='word_1_83' title='bbox 394 4182 461 4245; x_wconf 91' lang='lat' dir='ltr'>hac</span> <span class='ocrx_word' id='word_1_84' title='bbox 482 4183 527 4246; x_wconf 91' lang='lat' dir='ltr'>de</span> <span class='ocrx_word' id='word_1_85' title='bbox 548 4201 587 4247; x_wconf 90' lang='lat' dir='ltr'>re</span> <span class='ocrx_word' id='word_1_86' title='bbox 607 4194 738 4248; x_wconf 89' lang='lat' dir='ltr'>statuta</span> <span class='ocrx_word' id='word_1_87' title='bbox 759 4186 913 4266; x_wconf 73' lang='lat' dir='ltr'>suerunt,</span> <span class='ocrx_word' id='word_1_88' title='bbox 933 4187 1098 4270; x_wconf 88' lang='lat' dir='ltr'>ignorare</span> <span class='ocrx_word' id='word_1_89' title='bbox 1119 4186 1293 4251; x_wconf 92' lang='lat' dir='ltr'>neminem</span> <span class='ocrx_word' id='word_1_90' title='bbox 1313 4187 1543 4267; x_wconf 90' lang='lat' dir='ltr'>arbitramur,</span> <span class='ocrx_word' id='word_1_91' title='bbox 1572 4206 1661 4269; x_wconf 89' lang='lat' dir='ltr'>quae</span> <span class='ocrx_word' id='word_1_92' title='bbox 1682 4187 1750 4251; x_wconf 81' lang='lat' dir='ltr'>fue</span> 
     </span>
     <span class='ocr_line' id='line_1_16' title="bbox 393 4318 1750 4402; baseline 0.002 -20"><span class='ocrx_word' id='word_1_93' title='bbox 393 4318 463 4383; x_wconf 88' lang='lat' dir='ltr'>n&#39;nt</span> <span class='ocrx_word' id='word_1_94' title='bbox 476 4337 499 4381; x_wconf 91' lang='lat' dir='ltr'>a</span> <span class='ocrx_word' id='word_1_95' title='bbox 513 4320 839 4400; x_wconf 89' lang='lat' dir='ltr'>praedecessoribus</span> <span class='ocrx_word' id='word_1_96' title='bbox 860 4322 988 4386; x_wconf 90' lang='lat' dir='ltr'>nostris</span> <span class='ocrx_word' id='word_1_97' title='bbox 1005 4321 1065 4385; x_wconf 94' lang='lat' dir='ltr'>Pio</span> <span class='ocrx_word' id='word_1_98' title='bbox 1082 4321 1139 4401; x_wconf 94' lang='lat' dir='ltr'>IV,</span> <span class='ocrx_word' id='word_1_99' title='bbox 1155 4331 1276 4386; x_wconf 88' lang='lat' dir='ltr'>sancto</span> <span class='ocrx_word' id='word_1_100' title='bbox 1291 4322 1351 4386; x_wconf 83' lang='lat' dir='ltr'>Pio</span> <span class='ocrx_word' id='word_1_101' title='bbox 1366 4322 1409 4402; x_wconf 93' lang='lat' dir='ltr'>V,</span> <span class='ocrx_word' id='word_1_102' title='bbox 1425 4331 1459 4385; x_wconf 91' lang='lat' dir='ltr'>et</span> <span class='ocrx_word' id='word_1_103' title='bbox 1474 4322 1654 4385; x_wconf 90' lang='lat' dir='ltr'>Clemente</span> <span class='ocrx_word' id='word_1_104' title='bbox 1668 4321 1750 4385; x_wconf 92' lang='lat' dir='ltr'>VIII</span> 
     </span>
     <span class='ocr_line' id='line_1_17' title="bbox 393 4451 1750 4538; baseline 0.001 -23"><span class='ocrx_word' id='word_1_105' title='bbox 393 4451 657 4534; x_wconf 86' lang='lat' dir='ltr'>diligentissime</span> <span class='ocrx_word' id='word_1_106' title='bbox 671 4454 846 4536; x_wconf 89' lang='lat' dir='ltr'>praestita,</span> <span class='ocrx_word' id='word_1_107' title='bbox 861 4465 900 4519; x_wconf 90' lang='lat' dir='ltr'>ut</span> <span class='ocrx_word' id='word_1_108' title='bbox 914 4456 1181 4520; x_wconf 91' lang='lat' dir='ltr'>saluberrimum</span> <span class='ocrx_word' id='word_1_109' title='bbox 1202 4474 1291 4538; x_wconf 92' lang='lat' dir='ltr'>opus</span> <span class='ocrx_word' id='word_1_110' title='bbox 1310 4474 1332 4519; x_wconf 90' lang='lat' dir='ltr'>a</span> <span class='ocrx_word' id='word_1_111' title='bbox 1353 4464 1597 4519; x_wconf 90' lang='lat' dir='ltr'>sacrosanctae</span> <span class='ocrx_word' id='word_1_112' title='bbox 1625 4453 1750 4517; x_wconf 90' lang='lat' dir='ltr'>triden-</span> 
     </span>
     <span class='ocr_line' id='line_1_18' title="bbox 393 4584 1749 4670; baseline 0.003 -23"><span class='ocrx_word' id='word_1_113' title='bbox 393 4584 487 4648; x_wconf 88' lang='lat' dir='ltr'>tinae</span> <span class='ocrx_word' id='word_1_114' title='bbox 508 4586 633 4664; x_wconf 85' lang='lat' dir='ltr'>synodi</span> <span class='ocrx_word' id='word_1_115' title='bbox 652 4586 809 4668; x_wconf 91' lang='lat' dir='ltr'>patribus</span> <span class='ocrx_word' id='word_1_116' title='bbox 829 4598 1039 4670; x_wconf 90' lang='lat' dir='ltr'>susceptum,</span> <span class='ocrx_word' id='word_1_117' title='bbox 1062 4597 1198 4652; x_wconf 89' lang='lat' dir='ltr'>mature</span> <span class='ocrx_word' id='word_1_118' title='bbox 1220 4588 1424 4667; x_wconf 90' lang='lat' dir='ltr'>discussum,</span> <span class='ocrx_word' id='word_1_119' title='bbox 1442 4605 1485 4651; x_wconf 91' lang='lat' dir='ltr'>ac</span> <span class='ocrx_word' id='word_1_120' title='bbox 1506 4606 1595 4669; x_wconf 92' lang='lat' dir='ltr'>pene</span> <span class='ocrx_word' id='word_1_121' title='bbox 1615 4587 1660 4650; x_wconf 90' lang='lat' dir='ltr'>ad</span> <span class='ocrx_word' id='word_1_122' title='bbox 1682 4587 1749 4651; x_wconf 89' lang='lat' dir='ltr'>exi·</span> 
     </span>
     <span class='ocr_line' id='line_1_19' title="bbox 392 4720 1749 4806; baseline 0.005 -24"><span class='ocrx_word' id='word_1_123' title='bbox 392 4727 467 4782; x_wconf 92' lang='lat' dir='ltr'>tum</span> <span class='ocrx_word' id='word_1_124' title='bbox 481 4720 698 4801; x_wconf 90' lang='lat' dir='ltr'>perductum,</span> <span class='ocrx_word' id='word_1_125' title='bbox 714 4721 758 4785; x_wconf 94' lang='lat' dir='ltr'>de</span> <span class='ocrx_word' id='word_1_126' title='bbox 771 4722 901 4786; x_wconf 88' lang='lat' dir='ltr'>vetitae</span> <span class='ocrx_word' id='word_1_127' title='bbox 915 4722 1075 4787; x_wconf 79' lang='lat' dir='ltr'>lectioniS</span> <span class='ocrx_word' id='word_1_128' title='bbox 1092 4723 1259 4787; x_wconf 91' lang='lat' dir='ltr'>librorum</span> <span class='ocrx_word' id='word_1_129' title='bbox 1273 4724 1390 4788; x_wconf 91' lang='lat' dir='ltr'>Indice</span> <span class='ocrx_word' id='word_1_130' title='bbox 1404 4724 1627 4804; x_wconf 90' lang='lat' dir='ltr'>conficiendo,</span> <span class='ocrx_word' id='word_1_131' title='bbox 1643 4734 1749 4806; x_wconf 91' lang='lat' dir='ltr'>atque</span> 
     </span>
     <span class='ocr_line' id='line_1_20' title="bbox 392 4854 1749 4941; baseline 0.004 -24"><span class='ocrx_word' id='word_1_132' title='bbox 392 4854 584 4936; x_wconf 85' lang='lat' dir='ltr'>vulgando,</span> <span class='ocrx_word' id='word_1_133' title='bbox 606 4871 677 4919; x_wconf 91' lang='lat' dir='ltr'>non</span> <span class='ocrx_word' id='word_1_134' title='bbox 696 4857 919 4920; x_wconf 90' lang='lat' dir='ltr'>absolverent</span> <span class='ocrx_word' id='word_1_135' title='bbox 940 4859 1067 4937; x_wconf 90' lang='lat' dir='ltr'>solum,</span> <span class='ocrx_word' id='word_1_136' title='bbox 1089 4868 1194 4940; x_wconf 90' lang='lat' dir='ltr'>atque</span> <span class='ocrx_word' id='word_1_137' title='bbox 1215 4859 1435 4941; x_wconf 88' lang='lat' dir='ltr'>perficerent,</span> <span class='ocrx_word' id='word_1_138' title='bbox 1458 4859 1519 4923; x_wconf 90' lang='lat' dir='ltr'>sed</span> <span class='ocrx_word' id='word_1_139' title='bbox 1540 4859 1749 4941; x_wconf 91' lang='lat' dir='ltr'>sapientissi-</span> 
     </span>
     <span class='ocr_line' id='line_1_21' title="bbox 393 4987 1748 5077; baseline 0.005 -26"><span class='ocrx_word' id='word_1_140' title='bbox 393 4987 458 5052; x_wconf 90' lang='lat' dir='ltr'>mis</span> <span class='ocrx_word' id='word_1_141' title='bbox 478 4989 585 5052; x_wconf 88' lang='lat' dir='ltr'>etiam</span> <span class='ocrx_word' id='word_1_142' title='bbox 606 4990 757 5055; x_wconf 89' lang='lat' dir='ltr'>decretis</span> <span class='ocrx_word' id='word_1_143' title='bbox 776 5009 819 5055; x_wconf 90' lang='lat' dir='ltr'>ac</span> <span class='ocrx_word' id='word_1_144' title='bbox 840 4992 972 5075; x_wconf 88' lang='lat' dir='ltr'>regulis</span> <span class='ocrx_word' id='word_1_145' title='bbox 993 4993 1258 5058; x_wconf 90' lang='lat' dir='ltr'>communirent.</span> <span class='ocrx_word' id='word_1_146' title='bbox 1284 4993 1383 5074; x_wconf 88' lang='lat' dir='ltr'>Quod</span> <span class='ocrx_word' id='word_1_147' title='bbox 1408 4993 1548 5075; x_wconf 93' lang='lat' dir='ltr'>quidem</span> <span class='ocrx_word' id='word_1_148' title='bbox 1569 4993 1748 5077; x_wconf 84' lang='lat' dir='ltr'>negotium</span> 
     </span>
     <span class='ocr_line' id='line_1_22' title="bbox 392 5123 1748 5211; baseline 0.006 -26"><span class='ocrx_word' id='word_1_149' title='bbox 392 5123 582 5204; x_wconf 90' lang='lat' dir='ltr'>apostolica</span> <span class='ocrx_word' id='word_1_150' title='bbox 610 5124 719 5190; x_wconf 86' lang='lat' dir='ltr'>Sedes</span> <span class='ocrx_word' id='word_1_151' title='bbox 750 5126 968 5191; x_wconf 90' lang='lat' dir='ltr'>continenter</span> <span class='ocrx_word' id='word_1_152' title='bbox 996 5138 1118 5211; x_wconf 90' lang='lat' dir='ltr'>urget,</span> <span class='ocrx_word' id='word_1_153' title='bbox 1144 5147 1185 5192; x_wconf 93' lang='lat' dir='ltr'>ac</span> <span class='ocrx_word' id='word_1_154' title='bbox 1213 5138 1412 5210; x_wconf 89' lang='lat' dir='ltr'>promovet;</span> <span class='ocrx_word' id='word_1_155' title='bbox 1436 5128 1482 5192; x_wconf 93' lang='lat' dir='ltr'>ad</span> <span class='ocrx_word' id='word_1_156' title='bbox 1509 5129 1544 5192; x_wconf 92' lang='lat' dir='ltr'>id</span> <span class='ocrx_word' id='word_1_157' title='bbox 1573 5129 1748 5211; x_wconf 89' lang='lat' dir='ltr'>deputatis</span> 
     </span>
     <span class='ocr_line' id='line_1_23' title="bbox 392 5259 1745 5351; baseline 0.005 -27"><span class='ocrx_word' id='word_1_158' title='bbox 392 5259 525 5325; x_wconf 89' lang='lat' dir='ltr'>duabus</span> <span class='ocrx_word' id='word_1_159' title='bbox 552 5270 697 5327; x_wconf 88' lang='lat' dir='ltr'>sanctae</span> <span class='ocrx_word' id='word_1_160' title='bbox 724 5280 890 5329; x_wconf 87' lang='lat' dir='ltr'>romanae</span> <span class='ocrx_word' id='word_1_161' title='bbox 920 5264 1099 5329; x_wconf 90' lang='lat' dir='ltr'>Ecclesiae</span> <span class='ocrx_word' id='word_1_162' title='bbox 1130 5264 1368 5331; x_wconf 81' lang='lat' dir='ltr'>CardInalium</span> <span class='ocrx_word' id='word_1_163' title='bbox 1398 5265 1745 5351; x_wconf 79' lang='lat' dir='ltr'>congregationibus,</span> 
     </span>
    </p>
   </div>
   <div class='ocr_carea' id='block_1_9' title="bbox 0 0 2160 6534">
    <p class='ocr_par' dir='ltr' id='par_1_9' title="bbox 0 0 2160 6534">
     <span class='ocr_line' id='line_1_24' title="bbox 0 0 2160 6534; baseline 0 1"><span class='ocrx_word' id='word_1_164' title='bbox 0 0 2160 6534; x_wconf 95' lang='lat' dir='ltr'> </span> 
     </span>
    </p>
   </div>
  </div>
 </body>
</html>
