4309 6534
650 1272 878 1462 LEO
930 1276 1080 1464 PP·
1132 1274 1345 1463 XIII

429 2538 575 2625 ouum
619 2514 859 2616 Pontifices
893 2516 1050 2628 quibus
1088 2516 1254 2629 grande
1287 2516 1389 2602 illud
1424 2544 1584 2624 munus
1617 2517 1661 2622 in

420 2675 588 2773 ‚beato
619 2679 749 2787 Petro
790 2679 1102 2788 Apostolorum
1147 2679 1336 2789 principe
1379 2679 1662 2780 commissum

335 2849 412 2942 est,¹
457 2838 709 2949 universum
753 2840 955 2950 pascendi
990 2841 1148 2938 Christi
1189 2803 1382 2953 gregem,
1422 2841 1500 2924 toti
1534 2841 1577 2936 in
1609 2869 1665 2936 en,

337 3011 584 3124 constanter
615 3000 799 3108 suerunt,
835 3014 883 3084 ut
909 3003 1271 3111 pretiosissimum
1294 3001 1392 3086 fidei
1416 3003 1663 3112 depositum

334 3159 553 3271 integrum
585 3161 926 3274 inviolatumque
959 3177 1193 3263 servarent,
1219 3176 1261 3248 et
1284 3163 1536 3248 christianas
1570 3175 1664 3268 toto

335 3321 438 3403 orbe
454 3333 609 3433 gentes
627 3322 825 3405 salutaris
849 3322 1068 3408 doctrinae
1092 3325 1250 3435 pabulo
1273 3326 1524 3410 enutrirent.
1551 3325 1665 3410 Hinc

335 3482 527 3592 proiecto
565 3483 801 3594 vehemens
844 3485 913 3570 illa
944 3514 993 3596 ac
1026 3486 1206 3597 provida
1238 3486 1291 3570 ab
1329 3488 1434 3598 ipsis
1475 3486 1665 3594 adhibita

335 3656 545 3762 perpetuo
588 3671 699 3756 cura,
742 3660 800 3750 ut,
835 3646 1206 3756 quemadmodum
1249 3646 1413 3754 bonum
1456 3674 1665 3752 semena

333 3771 443 3914 lolio,
468 3806 526 3902 ita
549 3819 591 3889 et
614 3807 707 3916 sani
742 3808 979 3920 optimique
1012 3807 1106 3894 libri
1138 3808 1191 3892 ab
1218 3808 1472 3914 adulterinis
1495 3821 1538 3894 et
1559 3836 1664 3919 apo·
1708 3868 1716 3884 ι

335 3965 506 4074 cryphis
554 3980 598 4072 et
645 3968 896 4077 perniciosis
944 3979 1295 4071 secernerentur;
1345 3998 1400 4054 ne
1448 3970 1664 4074 christiani

334 4126 543 4239 homines,
578 4129 751 4215 incauto
785 4131 854 4238 uel
898 4132 1127 4216 temerario
1171 4131 1323 4216 horum
1359 4159 1453 4232 usu,
1488 4131 1667 4242 integri.

334 4291 435 4400 tatis
467 4291 565 4398 fidei
600 4319 857 4404 morumque
892 4292 1203 4379 detrimentum
1241 4305 1453 4403 caperent.
1490 4296 1589 4402 Quo
1622 4292 1667 4398 in

332 4480 505 4563 genere,
549 4453 667 4560 varia
709 4453 886 4563 quidem
930 4480 1008 4563 pro
1052 4454 1260 4537 varietate
1292 4466 1539 4564 temporum
1573 4464 1665 4537 tum

332 4610 562 4724 Pontifices
606 4613 698 4724 ipsi,
733 4624 826 4718 tum
872 4612 1073 4720 Concilia,
1112 4640 1335 4723 nunquam
1380 4613 1668 4725 neglexerunt

332 4788 432 4888 apta
464 4774 586 4876 maiis
628 4773 831 4857 adhibere
865 4772 1063 4857 remedia.
1102 4775 1251 4882 Quum
1285 4801 1401 4873 vero,
1435 4774 1670 4882 comperta„

334 4937 505 5021 saeculo
538 4936 706 5047 decimo
738 4937 903 5047 quinto,
929 4964 1043 5020 nova
1065 4950 1157 5019 arte
1182 4934 1502 5047 typographica,
1528 4933 1668 5045 magis.

333 5100 377 5182 iu
400 5098 492 5202 dies
515 5099 722 5183 crevisset
744 5099 951 5183 librorum
975 5098 1108 5208 copia,
1128 5111 1434 5206 praetereaque
1459 5095 1668 5200 malarum
