4309 6534
915 824 979 890 Pap
998 852 1013 863 -
1033 820 1095 878 Par
1630 834 1683 889 2³3

319 1051 437 1116 papato
468 1035 498 1097 ai
524 1034 621 1114 tempi
651 1034 753 1097 nostri
776 1054 837 1097 con
861 1032 973 1096 alcune
1000 1011 1004 1073 l
1076 1031 1261 1098 Paradiso
1292 1032 1442 1096 cattolico
1473 1052 1530 1112 per
1560 1028 1687 1095 l'anime

320 1157 395 1205 note
418 1142 605 1206 illustrative
628 1140 973 1221 sulleleggi13mag·
1032 1139 1157 1205 devote.
1182 1140 1279 1205 Decr.
1304 1146 1323 1203 6
1344 1145 1423 1221 sept.
1447 1145 1537 1204 1666.

321 1250 376 1329 gio
405 1257 482 1325 1871
510 1271 529 1312 e
555 1265 593 1322 19
614 1248 737 1328 giugno
757 1255 851 1324 1873.
877 1250 972 1314 Decr.
1075 1245 1396 1329 Paraleipomena
1411 1267 1516 1310 reruni
1532 1266 1687 1310 memora·

321 1375 368 1435 25
391 1361 460 1422 iun.
485 1362 580 1436 1875.
1034 1352 1145 1417 bilium
1168 1374 1187 1415 a
1210 1354 1237 1415 F
1238 1354 1375 1417 riderico
1399 1355 1428 1417 11
1451 1374 1552 1437 usque
1571 1356 1614 1417 ad
1630 1354 1688 1418 Ca-

366 1466 535 1547 Papatus
557 1485 717 1540 romanus,
740 1465 821 1530 liber
853 1466 893 1527 de
915 1463 976 1527 ori·
1034 1460 1137 1523 roltnn
1161 1460 1200 1525 V.
1225 1482 1254 1526 v.
1279 1461 1500 1525 Conradus
1529 1484 1548 1524 a
1576 1462 1689 1525 Liech-

320 1572 414 1651 gine,
439 1592 632 1653 progressu,
656 1587 755 1654 atque
780 1571 975 1635 extinctione
1034 1581 1145 1644 tenaw‚
1172 1567 1363 1633 Chronicon.

321 1680 430 1759 ipsius.
463 1679 560 1744 Decr.
592 1699 613 1741 2
647 1682 709 1745 dec.
741 1686 830 1759 1617.
862 1701 891 1744 v.
919 1678 976 1741 De
1079 1674 1267 1743 Parallele
1306 1678 1347 1739 de
1385 1677 1415 1739 la
1453 1678 1598 1741 doctrine
1631 1677 1688 1740 des

322 1787 532 1861 Dominis,
558 1789 686 1849 Marcus
709 1786 881 1851 Antonius.
1034 1803 1155 1863 payens
1177 1804 1255 1846 avec
1277 1784 1354 1846 celle
1371 1785 1428 1847 des
1440 1783 1573 1867 jesuites
1591 1799 1625 1848 et
1647 1785 1689 1847 de

366 1896 468 1976 Pape
491 1896 551 1975 (le)
574 1909 606 1958 et
629 1891 852 1973 l'Allemagne.
877 1892 974 1956 Decr.
1034 1888 1065 1951 la
1089 1890 1297 1953 constitution
1313 1892 1356 1953 du
1374 1913 1455 1972 pape
1471 1890 1615 1955 clement
1629 1893 1687 1967 XI,

324 2001 360 2066 S.
390 2001 452 2084 Off.
477 2022 496 2078 9
518 2007 615 2067 mart.
640 2006 730 2081 1887.
1035 1996 1090 2076 qui
1120 2018 1302 2061 commence
1327 2019 1459 2079 parces
1483 2014 1584 2063 mots:
1614 1999 1691 2062 Uni·

367 2108 722 2194 PapeCarpanlier,
739 2108 848 2174 Marie.
869 2108 977 2171 Ensei·
1034 2104 1163 2182 genitus
1194 2106 1255 2167 Dei
1287 2106 1397 2171 Filius.
1431 2108 1528 2172 Decr.
1559 2126 1600 2169 21
1623 2110 1689 2172 iam

324 2229 473 2298 gnement
507 2216 655 2297 pratique
692 2215 773 2279 dans
809 2216 855 2279 les
883 2216 976 2280 salles
1036 2230 1126 2292 1732.

324 2324 444 2389 d'asile.
460 2324 558 2389 Decr.
576 2343 616 2386 22
632 2326 701 2389 iun.
720 2327 820 2400 1863;
840 2342 882 2402 ²4
896 2345 975 2405 aug.
1081 2319 1269 2388 Parallele
1303 2320 1420 2401 abrdge
1457 2323 1497 2384 de
1526 2319 1548 2383 l'
1558 2321 1691 2386 histoire

325 2438 413 2508 1863.
1036 2427 1080 2489 du
1104 2428 1218 2508 peuple
1241 2425 1388 2503 d‘Israel,
1411 2442 1444 2493 et
1471 2429 1512 2491 de
1535 2427 1691 2493 l'histoire

368 2538 498 2622 Papia,
522 2537 669 2601 Ennodio
691 2534 975 2625 [pseudonymusJ.
1036 2534 1076 2596 de
1111 2531 1242 2613 l’eglise.
1277 2538 1373 2599 Decr.
1411 2555 1452 2598 11
1480 2542 1558 2618 sept.
1593 2555 1634 2617 17
1635 2554 1689 2615 50.

327 2644 463 2726 L’epoca
486 2646 623 2707 seconda
647 2645 729 2707 della
746 2645 852 2708 chiesa
873 2646 922 2708 col
938 2645 977 2707 ri·
1036 2662 1065 2704 v.
1089 2642 1282 2721 Joubert,
1308 2644 1468 2727 Franpois.

326 2754 453 2815 chiamo
469 2749 520 2814 de'
536 2751 647 2831 giudei
662 2773 681 2814 e
700 2751 746 2831 gli
764 2752 976 2816 awenimenti
1083 2748 1332 2829 [Paravlcin0,
1349 2751 1535 2833 Vincenzo].
1552 2773 1581 2816 v.
1599 2752 1693 2814 Nar·

326 2859 488 2938 singolari,
506 2859 565 2920 che
588 2860 756 2938 precedere
780 2858 811 2922 la
830 2860 978 2923 debbono
1038 2856 1204 2919 ratione
1225 2860 1332 2938 (vera)
1351 2858 1402 2920 del
1419 2879 1580 2922 massacro
1604 2858 1691 2939 degli

325 2987 343 3028 e
374 2966 500 3045 seguine
536 2965 606 3029 sino
640 2965 702 3027 alla
736 2965 980 3030 consumazione
1038 2964 1225 3043 evangelici.

327 3070 377 3134 de'
402 3073 497 3135 secoli
508 3096 516 3147 ;
540 3072 768 3135 dissertazione
797 3073 907 3136 critica
935 3074 981 3136 di·
1084 3072 1255 3143 Parival,
1272 3072 1492 3153 Jeep-Nicolas
1519 3076 1569 3139 de.
1593 3072 1693 3137 Abrd-

326 3179 394 3240 visa
410 3179 442 3241 in
459 3180 522 3241 due
538 3179 626 3242 torni.
640 3179 737 3243 Decr.
754 3198 794 3242 2ο
811 3184 877 3244 ran.
890 3186 979 3260 1783.
1040 3176 1082 3259 ge
1101 3181 1141 3241 de
1156 3178 1312 3243 l'histoire
1335 3181 1376 3244 de
1399 3202 1434 3244 ce
1457 3179 1551 3244 siecle
1573 3183 1614 3244 de
1636 3183 1691 3257 ser,

371 3323 414 3336 -
438 3284 662 3365 L'apocalisse
699 3286 732 3348 di
769 3308 794 3350 s.
823 3287 981 3350 Giovanni
1040 3301 1210 3350 contenant
1241 3288 1287 3349 les
1310 3287 1439 3351 miseres
1468 3303 1500 3352 et
1530 3289 1693 3353 calamitez

328 3393 474 3473 apostolo
498 3394 530 3454 in
552 3392 666 3470 volgar
689 3392 797 3471 lingua
821 3395 979 3470 tradotta,
1041 3397 1099 3458 des
1122 3396 1264 3457 derniers
1287 3407 1368 3457 tems
1383 3415 1460 3457 avec
1475 3396 1561 3458 leurs
1583 3416 1694 3460 causes

327 3520 427 3563 econ
451 3519 557 3561 nuovo
579 3500 711 3562 metodo
737 3500 898 3580 esplicata,
923 3503 983 3565 che
1040 3518 1072 3567 et
1096 3502 1259 3583 pretestes.
1283 3503 1380 3568 Decr.
1404 3507 1625 3568 ultramrano.

329 3628 393 3687 puo
416 3606 534 3668 servire
551 3606 584 3666 di
600 3606 815 3686 supplimento
829 3605 982 3672 all'altera
1085 3614 1225 3695 Parny,
1250 3590 1405 3675 livariste.
1430 3610 1476 3672 La
1499 3630 1614 3690 guerre
1635 3612 1694 3675 dee

329 3735 425 3794 opera
452 3713 631 3776 intitolata:
668 3711 815 3794 L'epom
845 3717 984 3779 seconda
1041 3720 1137 3781 dieux
1161 3719 1287 3780 anciens
1316 3733 1349 3780 et
1373 3719 1557 3794 modernes,
1581 3726 1695 3798 poente

330 3822 412 3883 della
441 3821 558 3885 chiesa.
598 3820 694 3885 Decr.
725 3840 765 3883 2ο
789 3826 981 3904 rizn.1783;
1041 3847 1080 3889 en
1104 3826 1160 3888 dix
1184 3826 1304 3889 chants.
1330 3825 1426 3889 Decr.
1452 3844 1492 3886 22
1518 3829 1580 3891 dec.
1604 3832 1693 3908 1817.

329 3932 433 3992 ddec.
458 3933 548 4008 1784.
573 3949 601 3991 v.
629 3929 779 4008 Zoppi,
811 3928 981 4012 Giuseppe.
1086 3933 1223 3998 Parole
1247 3932 1290 3993 du
1314 3929 1389 4011 pere
1411 3930 1430 3995 a
1452 3931 1483 3993 la
1506 3950 1583 3994 cour
1615 3928 1696 3996 d'as-

373 4038 546 4117 Pappus,
571 4036 713 4100 loannes.
742 4036 905 4100 Historiae
935 4060 983 4101 ec·
1042 4040 1129 4112 sises,
1157 4044 1175 4099 8
1199 4036 1281 4099 avril
1308 4043 1401 4112 1833.
1428 4037 1523 4102 Decr.
1550 4055 1591 4116 14
1604 4036 1694 4117 febr.

329 4144 522 4206 clesiasticae
555 4142 695 4223 epitome
730 4164 769 4205 ex
805 4146 983 4226 praecipuis
1043 4151 1131 4225 1837.
1163 4166 1192 4209 v.
1224 4144 1443 4218 Enlantin‚
1476 4141 1696 4227 Barthdlemy·

330 4249 538 4330 scriptoribus
574 4249 797 4313 ecclesiasticis
838 4252 981 4318 collecta.
1043 4255 1189 4331 Prosper.

330 4359 426 4421 Decr.
451 4376 491 4419 21
514 4378 583 4421 stov.
604 4364 693 4434 1690.
1087 4362 1107 4438 †
1130 4358 1370 4439 Parrhasius,
1395 4360 1489 4421 lanus
1505 4354 1697 4445 [pseudony-

374 4501 418 4514 -
449 4487 478 4529 v.
514 4465 774 4546 Kippingus‚
815 4467 982 4532 Henricus.
1043 4464 1146 4553 musJ.
1186 4466 1311 4528 Literae
1345 4466 1385 4526 ad
1421 4465 1696 4547 archiepiscopum

332 4576 384 4635 Ad
423 4573 583 4652 epitomen
617 4573 758 4635 auctatia
792 4586 824 4636 et
859 4574 985 4654 supple-
1043 4576 1246 4636 sebastenum
1271 4573 1398 4634 nomine
1428 4593 1454 4637 s.
1477 4574 1698 4652 congregatio·

332 4696 446 4744 menta.
1044 4679 1093 4741 nis
1117 4681 1159 4742 de
1186 4680 1394 4759 propaganda
1418 4679 1482 4741 fide
1505 4696 1545 4754 25
1567 4681 1696 4759 augusti

377 4788 670 4870 Papstbllchlein
682 4789 780 4868 (das),
790 4789 887 4851 einso
898 4796 985 4852 nirtz·
1050 4804 1142 4863 1703,
1168 4801 1202 4850 ut
1226 4788 1333 4860 fertur,
1358 4787 1495 4865 scriptae
1516 4788 1559 4847 ab
1580 4786 1699 4867 inquie-

331 4896 428 4958 liches
454 4897 502 4958 als
526 4895 785 4957 unterhaltendes
808 4897 985 4960 Lesebstch·
1045 4896 1086 4958 tis
1110 4894 1313 4975 quibusdam,
1335 4894 1431 4956 hodie
1454 4892 1486 4955 in
1508 4894 1610 4956 luoem
1633 4894 1699 4957 edi·

331 5003 392 5064 lein
424 5004 473 5064 rur
503 5004 565 5064 den
596 5002 761 5081 gemeinen
785 5004 882 5066 Mann
908 5004 986 5066 aller
1045 5015 1105 5076 tae,
1130 5001 1214 5063 notis
1238 5020 1314 5062 vero
1337 5001 1488 5063 brevibus
1512 5000 1697 5067 illustratae.

335 5110 728 5189 Kirchengesellsclialten.
754 5110 903 5174 Deerat
927 5114 985 5175 iul.
1046 5111 1151 5171 Brevi
1177 5108 1274 5172 Clem.
1299 5108 1361 5170 XI.
1384 5128 1406 5187 4
1426 5113 1483 5173 oct.
1507 5127 1596 5189 1707.

334 5222 422 5296 1834„
1089 5251 1134 5266 -
1149 5218 1169 5297 †
1184 5216 1288 5280 Notae
1304 5216 1336 5279 in
1351 5216 1525 5292 decretum,
1534 5216 1622 5298 quod
1638 5216 1699 5279 sub
