4309 6534
998 834 1057 889 Vlc
1076 861 1090 875 ·
1110 835 1165 888 vit

1705 852 1757 904 305

438 1037 544 1119 vicu,
559 1038 732 1102 Francisco
749 1039 800 1103 de.
820 1039 872 1103 De
892 1038 940 1102 las
963 1039 1050 1119 leyes
1109 1057 1156 1117 15
1179 1042 1245 1102 11111.
1261 1058 1351 1121 1742.
1367 1062 1397 1104 v.
1412 1042 1441 1101 V
1448 1041 1611 1120 illesore,
1632 1046 1764 1126 Joseph·

391 1168 415 1227 y
439 1145 656 1226 pragmaticas
677 1145 780 1208 reales
803 1145 856 1207 del
879 1165 978 1225 reyno
1009 1146 1050 1208 de
1110 1146 1262 1230 Franoois
1280 1146 1445 1226 Bourgoin
1467 1151 1517 1214 de.

392 1252 548 1318 sardana.
572 1252 671 1316 Decr.
695 1257 715 1314 6
740 1258 819 1333 sept.
842 1258 883 1315 16
884 1270 939 1330 5ο.
1153 1253 1224 1320 vie
1248 1255 1457 1333 voluptueuse
1481 1257 1538 1319 des
1558 1260 1708 1339 capucins
1731 1277 1765 1327 et

435 1357 536 1425 vida
557 1362 592 1439 (a
615 1357 838 1439 escandalosa)
863 1360 922 1422 dos
938 1380 1049 1440 papas.
1110 1363 1167 1425 des
1191 1381 1320 1425 nonnes.
1343 1362 1442 1426 Decr.
1466 1370 1505 1426 16
1519 1364 1610 1443 febr.
1633 1373 1725 1449 1784.

392 1464 493 1530 Decr.
516 1483 557 1542 23
580 1468 648 1528 iun.
673 1471 763 1542 1836.
1152 1467 1245 1534 Vies
1281 1468 1504 1533 intlressantes
1533 1487 1566 1534 et
1599 1473 1764 1541 edifiantes

436 1571 649 1652 Vidainan,
672 1573 713 1637 A.
745 1573 796 1636 de.
822 1572 883 1634 Vie
910 1573 950 1634 de
972 1572 1050 1635 Gre-
1109 1575 1166 1636 des
1182 1575 1262 1636 amis
1282 1576 1322 1637 de
1339 1576 1536 1657 Post-Royal
1558 1599 1641 1658 pour
1662 1585 1763 1647 servir

391 1678 1049 1760 3011111111,1073-1085.0111.271117.
1109 1681 1150 1743 de
1177 1681 1259 1744 suite
1290 1703 1353 1743 aux
1383 1682 1450 1743 vies
1481 1682 1705 1752 interessantes
1731 1707 1763 1754 et

392 1790 483 1862 1838.
1108 1785 1274 1850 edifiantes
1308 1789 1365 1851 des
1396 1789 1579 1867 religieuses
1607 1794 1648 1855 de
1678 1810 1763 1861 cette

436 1891 562 1972 Vidal
586 1894 726 1957 Marcus.
750 1894 837 1955 Arca
859 1893 975 1968 vitalis,
992 1914 1050 1956 seu
1109 1894 1241 1957 maison.
1267 1895 1365 1959 Decr.
1389 1894 1425 1959 S.
1447 1896 1547 1978 Off.8
1568 1920 1761 1982 aug.1753.

394 1997 616 2080 inquisitiones
661 1999 862 2079 theologicae
912 2000 1050 2062 morales
1152 2001 1293 2084 ivigil,
1307 2002 1477 2065 Francisco
1501 2006 1541 2067 de
1565 2007 1663 2069 Paula
1678 2007 1763 2072 Gon·

395 2125 528 2169 casuum
552 2106 774 2171 conscientiae.
801 2107 901 2170 Decr.
917 2126 957 2184 23
970 2112 1048 2188 sept.
1108 2107 1204 2171 zalez.
1234 2108 1372 2170 Defensa
1399 2110 1439 2171 de
1466 2110 1496 2172 la
1523 2114 1694 2176 autoridad
1723 2117 1764 2177 de

396 2217 492 2289 1653.
1109 2214 1157 2276 los
1172 2214 1345 2292 gobieruos
1360 2238 1381 2296 y
1402 2216 1443 2277 de
1465 2216 1514 2282 los
1537 2219 1668 2299 obispos
1691 2242 1763 2283 con·

418 2353 460 2365 -
501 2317 521 2361 *
560 2319 647 2382 Arca
693 2321 841 2384 salutaris
886 2320 1050 2384 consultus
1109 2335 1158 2382 tra
1182 2321 1229 2381 las
1252 2321 1469 2399 pretensiones
1493 2324 1581 2386 dela
1603 2327 1692 2389 curia
1714 2348 1763 2391 ro·

394 2425 564 2507 utriusque
582 2426 660 2489 iuris
684 2427 857 2502 includens,
874 2448 930 2491 seu
949 2427 1050 2510 inqui·

393 2531 527 2597 sitiones
557 2533 695 2596 morales
721 2555 852 2597 casuum
891 2534 1050 2597 couscien-

395 2640 469 2703 tiae.
497 2640 607 2701 Donec
628 2643 753 2720 corrig.
787 2641 885 2705 Decr.
908 2647 930 2705 8
951 2648 1049 2705 mart.

392 2752 482 2811 1661.

437 2852 644 2936 1111811118,
668 2856 797 2918 Manuel
826 2856 971 2918 Lorenzo
1000 2856 1050 2917 de.

393 2960 552 3042 Proyecto
590 2962 643 3023 del
686 2962 805 3041 codigo
842 2962 1049 3027 eclesiastieo.

396 3066 496 3130 Decr.
521 3085 547 3145 5
568 3090 646 3148 aug.
670 3073 758 3146 1833.

1108 2446 1212 2490 mana.
1235 2428 1343 2489 Brevi
1363 2428 1421 2490 Pii
1441 2428 1502 2493 IX.
1526 2449 1565 2493 1ο
1581 2435 1649 2497 iun.
1665 2438 1761 2511 1851.

1155 2569 1197 2581 -
1221 2532 1318 2597 Carta
1346 2533 1377 2596 al
1404 2557 1488 2616 papa
1511 2560 1532 2617 y
1554 2538 1683 2601 analisis
1710 2541 1763 2603 del

1109 2643 1206 2703 breve
1229 2641 1270 2702 de
1290 2658 1331 2705 10
1348 2642 1389 2703 de
1412 2642 1508 2707 iunio.
1524 2644 1623 2708 Decr.
1640 2645 1675 2709 S.
1698 2645 1762 2729 Off.

1109 2766 1150 2828 17
1172 2754 1270 2812 mart.
1292 2754 1389 2827 1852.

1156 2890 1196 2901 -
1222 2853 1421 2933 Compendio
1449 2857 1490 2919 de
1512 2857 1542 2919 la
1566 2860 1695 2922 defensa
1723 2862 1764 2923 de

1109 2961 1140 3024 la
1156 2962 1327 3025 autoridad
1344 2963 1385 3025 de
1401 2962 1449 3025 los
1464 2964 1637 3043 gobieruos
1652 2982 1763 3030 contra

1110 3066 1158 3130 las
1173 3069 1391 3148 pretensiones
1415 3071 1456 3132 de
1470 3071 1502 3132 la
1516 3072 1604 3134 curia
1620 3093 1763 3139 romana.

436 3175 769 3239 —Vidaurrecoutra
780 3176 948 3251 Vidaurre,
956 3176 1049 3240 vol.1.
1105 3174 1203 3238 Decr.
1228 3175 1263 3238 S.
1292 3175 1355 3257 Off.
1379 3196 1399 3236 2
1422 3184 1520 3240 mart.
1544 3183 1640 3257 1853.

395 3279 499 3343 Curso
514 3282 556 3343 de
572 3282 709 3345 derecho
727 3282 934 3347 eclesiastico.
951 3283 1049 3347 Decr.

390 3392 433 3451 16
453 3394 532 3470 sept.
556 3394 646 3467 1841.

439 3494 654 3576 Nidaurre,
675 3497 805 3559 Manuel
817 3499 962 3560 Lorenzo
985 3499 1050 3580 de].

394 3622 425 3666 v.
454 3603 810 3667 Marca·Martillos.
838 3605 976 3667 Defensa
1003 3626 1051 3668 oa-

391 3708 497 3773 tolica.

436 3816 507 3882 vie
531 3818 572 3878 de
595 3816 757 3879 monsieur
784 3818 825 3880 de
847 3818 879 3893 ln
901 3818 1051 3882 Noe-M&

392 3923 473 3985 nard
497 3936 620 4003 prestre
644 3923 689 3986 du
711 3921 839 3987 diocese
865 3925 907 3988 de
929 3926 1050 3989 Nautes

1154 3316 1200 3328 -
1222 3281 1396 3344 Adiciones
1419 3304 1438 3344 a
1461 3283 1492 3345 la
1515 3285 1643 3348 defensa
1670 3287 1711 3350 de
1733 3287 1764 3349 la

1109 3388 1280 3451 autoridad
1308 3390 1350 3451 de
1375 3389 1423 3452 los
1450 3391 1623 3468 gobiernos
1652 3410 1765 3457 contra

1109 3495 1157 3557 las
1173 3496 1391 3573 pretensiones
1414 3497 1501 3558 dela
1516 3498 1604 3560 curia
1620 3520 1761 3563 romana.

1110 3601 1208 3666 Decr.
1231 3602 1268 3666 S.
1297 3601 1361 3685 Off.
1384 3621 1405 3663 2
1427 3609 1525 3668 mart.
1549 3610 1644 3683 1853.

1155 3746 1196 3756 -
1222 3709 1378 3788 Dialogos
1409 3713 1504 3773 sobre
1533 3712 1564 3773 la
1590 3712 1765 3776 existencia

1110 3817 1151 3878 de
1173 3816 1254 3878 Dios
1277 3839 1298 3897 y
1322 3817 1363 3878 de
1385 3816 1416 3877 la
1438 3817 1514 3878 vida
1529 3818 1645 3883 lutura.
1662 3818 1762 3884 Decr.

1108 3940 1156 4000 25
1177 3932 1251 4004 apr.
1276 3928 1366 4001 1864.

391 4043 477 4093 mort
510 4051 550 4091 en
584 4031 685 4091 odeur
719 4030 760 4093 de
793 4029 929 4096 saintete
951 4031 982 4095 le
1009 4050 1047 4107 15
1154 4066 1195 4077 -
1224 4031 1353 4093 Manual
1387 4031 1429 4093 de
1461 4032 1600 4094 derecho
1634 4033 1764 4113 publico

392 4136 474 4198 avril
501 4153 582 4212 1717
611 4156 690 4200 avec
723 4135 880 4201 l'histoire
914 4140 955 4201 de
989 4158 1048 4201 son
1108 4137 1305 4200 eclesiastico
1321 4158 1398 4217 para
1421 4139 1451 4200 el
1474 4158 1533 4201 uso
1553 4138 1640 4200 dela
1652 4141 1764 4220 juven·

392 4243 479 4306 culte
500 4256 533 4306 et
564 4244 611 4306 les
640 4245 793 4308 relations
822 4247 879 4308 des
902 4246 1050 4308 miracles
1109 4244 1168 4308 tud
1191 4244 1380 4308 americana.
1403 4245 1764 4326 0111.25αρ1.1864.

392 4349 507 4430 operer
523 4350 542 4413 ri
558 4370 618 4412 son
634 4354 794 4416 tombeau
811 4353 910 4415 Decr.
927 4350 963 4416 S.
985 4350 1049 4434 Off.
1152 4351 1349 4435 Vigoriu8‚
1374 4351 1496 4415 Simon.
1520 4350 1628 4432 Opera
1654 4351 1763 4414 omnia

391 4475 433 4519 ιο
455 4460 524 4521 rim.
552 4463 641 4537 1736.
1108 4459 1141 4521 in
1164 4472 1302 4540 quatuor
1325 4472 1430 4522 tomos
1454 4458 1634 4522 distributa.
1663 4457 1761 4522 Decr.

436 4564 508 4630 vie
530 4564 591 4646 (la)
615 4565 656 4626 de
679 4586 721 4629 m.
738 4566 790 4628 De
812 4566 901 4628 Paris
924 4565 1032 4628 diacre
1040 4589 1048 4640 ;
1107 4582 1148 4645 17
1184 4567 1242 4628 iul.
1270 4570 1378 4642 1615,·
1412 4581 1438 4641 5
1470 4570 1569 4628 mart.
1597 4571 1696 4634 1622:
1723 4583 1764 4642 ²3

393 4670 557 4733 Bruxelles
597 4687 690 4747 1731.
725 4672 824 4736 Decr.
849 4672 885 4736 S.
922 4671 986 4754 Off.
1009 4690 1049 4733 22
1108 4692 1178 4735 nov.
1202 4676 1292 4748 1683.

391 4798 471 4857 aug.
490 4796 579 4858 1731.
604 4800 634 4842 v.
655 4779 790 4860 Boyer‚
820 4778 937 4843 Pierre.
1154 4778 1360 4861 Wigorius,
1382 4777 1520 4859 Simon].
1536 4800 1567 4843 v.
1592 4778 1763 4859 Respon-

436 4884 509 4951 vie
530 4883 577 4969 (la
599 4882 769 4965 viritable)
795 4883 922 4949 d'Anue
949 4885 1050 4948 Gene·
1109 4885 1216 4947 sione
1238 4883 1310 4967 (ex)
1331 4884 1479 4964 synodali
1502 4885 1577 4948 data
1600 4885 1748 4950 Basiliae.

393 4989 485 5054 vieve
507 4993 548 5053 de
563 4994 723 5067 Bourbon,
738 4994 895 5057 duchesse
912 4994 953 5055 de
968 4994 1050 5055 Lon·
1150 4992 1393 5074 vigoureux,
1415 4991 1562 5054 Clarisse.
1587 4993 1700 5055 Parole
1721 4993 1762 5055 de

392 5100 541 5178 gueville,
559 5121 617 5179 par
636 5098 773 5163 l'auteur
796 5102 853 5163 des
875 5100 1048 5163 anecdotos
1108 5099 1311 5178 providence.
1335 5097 1433 5163 Decr.
1457 5117 1498 5159 22
1519 5104 1597 5180 sept.
1621 5104 1710 5176 1836.

392 5208 434 5270 de
448 5206 480 5268 la
502 5206 712 5270 constitution
728 5206 931 5286 Unigenitus.
948 5207 1047 5269 Decr.
1151 5204 1286 5286 vileta,
1295 5205 1453 5267 Giovanni
1464 5206 1603 5269 Battista
1613 5206 1664 5270 de.
1674 5206 1761 5269 Prat-
