<?xml version="1.0" encoding="UTF-8"?>
<!DOCTYPE html PUBLIC "-//W3C//DTD XHTML 1.0 Transitional//EN"
    "http://www.w3.org/TR/xhtml1/DTD/xhtml1-transitional.dtd">
<html xmlns="http://www.w3.org/1999/xhtml" xml:lang="en" lang="en">
 <head>
  <title>
</title>
<meta http-equiv="Content-Type" content="text/html;charset=utf-8" />
  <meta name='ocr-system' content='tesseract 3.04.00' />
  <meta name='ocr-capabilities' content='ocr_page ocr_carea ocr_par ocr_line ocrx_word'/>
</head>
<body>
  <div class='ocr_page' id='page_1' title='image "./indexlibrorumpr02unkngoog_0284.png"; bbox 0 0 4309 6534; ppageno 0'>
   <div class='ocr_carea' id='block_1_1' title="bbox 510 812 1273 880">
    <p class='ocr_par' dir='ltr' id='par_1_1' title="bbox 510 812 1273 880">
     <span class='ocr_line' id='line_1_1' title="bbox 510 812 1273 880; baseline 0 -13"><span class='ocrx_word' id='word_1_1' title='bbox 510 814 565 880; x_wconf 78' lang='lat'>25⁶</span> <span class='ocrx_word' id='word_1_2' title='bbox 1105 813 1164 869; x_wconf 75' lang='lat' dir='ltr'>Rei</span> <span class='ocrx_word' id='word_1_3' title='bbox 1183 842 1196 855; x_wconf 93' lang='lat'><strong>·</strong></span> <span class='ocrx_word' id='word_1_4' title='bbox 1214 812 1273 868; x_wconf 78' lang='lat' dir='ltr'>Rel</span> 
     </span>
    </p>
   </div>
   <div class='ocr_carea' id='block_1_2' title="bbox 488 1045 1903 5326">
    <p class='ocr_par' dir='ltr' id='par_1_2' title="bbox 488 1045 1903 1781">
     <span class='ocr_line' id='line_1_2' title="bbox 548 1045 1903 1130; baseline -0.001 -17"><span class='ocrx_word' id='word_1_5' title='bbox 548 1048 726 1129; x_wconf 83' lang='lat' dir='ltr'>Relchel‚</span> <span class='ocrx_word' id='word_1_6' title='bbox 752 1047 885 1111; x_wconf 91' lang='lat' dir='ltr'>Wenzel</span> <span class='ocrx_word' id='word_1_7' title='bbox 915 1051 1008 1130; x_wconf 79' lang='lat' dir='ltr'>Joset</span> <span class='ocrx_word' id='word_1_8' title='bbox 1037 1051 1082 1113; x_wconf 93' lang='lat' dir='ltr'>lst</span> <span class='ocrx_word' id='word_1_9' title='bbox 1105 1050 1159 1112; x_wconf 92' lang='lat' dir='ltr'>die</span> <span class='ocrx_word' id='word_1_10' title='bbox 1216 1048 1295 1111; x_wconf 87' lang='lat' dir='ltr'>licae</span> <span class='ocrx_word' id='word_1_11' title='bbox 1311 1048 1342 1110; x_wconf 92' lang='lat' dir='ltr'>in</span> <span class='ocrx_word' id='word_1_12' title='bbox 1354 1045 1538 1127; x_wconf 85' lang='lat' dir='ltr'>potioribus</span> <span class='ocrx_word' id='word_1_13' title='bbox 1552 1046 1640 1109; x_wconf 85' lang='lat' dir='ltr'>fidei</span> <span class='ocrx_word' id='word_1_14' title='bbox 1654 1046 1903 1126; x_wconf 79' lang='lat' dir='ltr'>capitibusoou-</span> 
     </span>
     <span class='ocr_line' id='line_1_3' title="bbox 504 1156 1902 1222; baseline 0.001 -2"><span class='ocrx_word' id='word_1_15' title='bbox 504 1159 607 1221; x_wconf 75' lang='lat' dir='ltr'>lehre</span> <span class='ocrx_word' id='word_1_16' title='bbox 640 1176 703 1220; x_wconf 90' lang='lat' dir='ltr'>von</span> <span class='ocrx_word' id='word_1_17' title='bbox 737 1157 795 1218; x_wconf 90' lang='lat' dir='ltr'>der</span> <span class='ocrx_word' id='word_1_18' title='bbox 823 1157 1065 1220; x_wconf 82' lang='lat' dir='ltr'>Unlehlbarkeit</span> <span class='ocrx_word' id='word_1_19' title='bbox 1101 1159 1158 1220; x_wconf 90' lang='lat' dir='ltr'>des</span> <span class='ocrx_word' id='word_1_20' title='bbox 1217 1156 1370 1222; x_wconf 88' lang='lat' dir='ltr'>troversis</span> <span class='ocrx_word' id='word_1_21' title='bbox 1388 1157 1551 1219; x_wconf 85' lang='lat' dir='ltr'>adversus</span> <span class='ocrx_word' id='word_1_22' title='bbox 1571 1156 1781 1220; x_wconf 87' lang='lat' dir='ltr'>Robertum</span> <span class='ocrx_word' id='word_1_23' title='bbox 1798 1157 1902 1221; x_wconf 77' lang='lat' dir='ltr'>Bellar·</span> 
     </span>
     <span class='ocr_line' id='line_1_4' title="bbox 504 1262 1903 1346; baseline 0.002 -19"><span class='ocrx_word' id='word_1_24' title='bbox 504 1265 684 1328; x_wconf 76' lang='lat' dir='ltr'>romischen</span> <span class='ocrx_word' id='word_1_25' title='bbox 708 1265 839 1345; x_wconf 85' lang='lat' dir='ltr'>Papstes</span> <span class='ocrx_word' id='word_1_26' title='bbox 856 1265 1056 1328; x_wconf 88' lang='lat' dir='ltr'>katholisch?</span> <span class='ocrx_word' id='word_1_27' title='bbox 1080 1265 1159 1327; x_wconf 91' lang='lat' dir='ltr'>Eine</span> <span class='ocrx_word' id='word_1_28' title='bbox 1219 1265 1338 1327; x_wconf 91' lang='lat' dir='ltr'>minum</span> <span class='ocrx_word' id='word_1_29' title='bbox 1369 1275 1401 1326; x_wconf 92' lang='lat' dir='ltr'>et</span> <span class='ocrx_word' id='word_1_30' title='bbox 1423 1262 1505 1327; x_wconf 80' lang='lat' dir='ltr'>alios</span> <span class='ocrx_word' id='word_1_31' title='bbox 1530 1266 1719 1346; x_wconf 82' lang='lat' dir='ltr'>quosdam</span> <span class='ocrx_word' id='word_1_32' title='bbox 1753 1265 1843 1328; x_wconf 81' lang='lat' dir='ltr'>sedis</span> <span class='ocrx_word' id='word_1_33' title='bbox 1862 1286 1903 1330; x_wconf 80' lang='lat' dir='ltr'>ro</span> 
     </span>
     <span class='ocr_line' id='line_1_5' title="bbox 502 1371 1901 1453; baseline 0.003 -17"><span class='ocrx_word' id='word_1_34' title='bbox 502 1375 607 1453; x_wconf 83' lang='lat' dir='ltr'>Frage</span> <span class='ocrx_word' id='word_1_35' title='bbox 630 1372 757 1452; x_wconf 85' lang='lat' dir='ltr'>gestellt</span> <span class='ocrx_word' id='word_1_36' title='bbox 787 1373 852 1434; x_wconf 89' lang='lat' dir='ltr'>und</span> <span class='ocrx_word' id='word_1_37' title='bbox 878 1374 1084 1435; x_wconf 91' lang='lat' dir='ltr'>beantwortet</span> <span class='ocrx_word' id='word_1_38' title='bbox 1115 1373 1158 1434; x_wconf 91' lang='lat' dir='ltr'>im</span> <span class='ocrx_word' id='word_1_39' title='bbox 1219 1393 1330 1435; x_wconf 89' lang='lat' dir='ltr'>manae</span> <span class='ocrx_word' id='word_1_40' title='bbox 1342 1372 1536 1437; x_wconf 79' lang='lat' dir='ltr'>defensores.</span> <span class='ocrx_word' id='word_1_41' title='bbox 1551 1371 1668 1438; x_wconf 83' lang='lat' dir='ltr'>Decr.</span> <span class='ocrx_word' id='word_1_42' title='bbox 1679 1391 1727 1450; x_wconf 82' lang='lat'>²9</span> <span class='ocrx_word' id='word_1_43' title='bbox 1740 1375 1812 1438; x_wconf 69' lang='lat' dir='ltr'>r’am</span> <span class='ocrx_word' id='word_1_44' title='bbox 1821 1379 1901 1440; x_wconf 82' lang='lat'>1686.</span> 
     </span>
     <span class='ocr_line' id='line_1_6' title="bbox 504 1479 1903 1562; baseline 0.001 -18"><span class='ocrx_word' id='word_1_45' title='bbox 504 1483 629 1544; x_wconf 86' lang='lat' dir='ltr'>Namen</span> <span class='ocrx_word' id='word_1_46' title='bbox 652 1481 709 1543; x_wconf 91' lang='lat' dir='ltr'>des</span> <span class='ocrx_word' id='word_1_47' title='bbox 733 1479 880 1542; x_wconf 78' lang='lat' dir='ltr'>hierssber</span> <span class='ocrx_word' id='word_1_48' title='bbox 904 1481 985 1543; x_wconf 86' lang='lat' dir='ltr'>noch</span> <span class='ocrx_word' id='word_1_49' title='bbox 1003 1481 1091 1544; x_wconf 89' lang='lat' dir='ltr'>nicht</span> <span class='ocrx_word' id='word_1_50' title='bbox 1107 1501 1160 1560; x_wconf 81' lang='lat' dir='ltr'>ge</span> <span class='ocrx_word' id='word_1_51' title='bbox 1263 1481 1387 1562; x_wconf 53' lang='lat' dir='ltr'>Reism</span> <span class='ocrx_word' id='word_1_52' title='bbox 1411 1483 1561 1546; x_wconf 86' lang='lat' dir='ltr'>lacobus.</span> <span class='ocrx_word' id='word_1_53' title='bbox 1590 1481 1788 1562; x_wconf 80' lang='lat' dir='ltr'>losephina</span> <span class='ocrx_word' id='word_1_54' title='bbox 1815 1483 1903 1546; x_wconf 89' lang='lat' dir='ltr'>lucer·</span> 
     </span>
     <span class='ocr_line' id='line_1_7' title="bbox 488 1565 1901 1671; baseline 0.003 -19"><span class='ocrx_word' id='word_1_55' title='bbox 488 1565 617 1652; x_wconf 78' lang='lat' dir='ltr'>¹horren</span> <span class='ocrx_word' id='word_1_56' title='bbox 648 1587 870 1650; x_wconf 80' lang='lat' dir='ltr'>katholisclien</span> <span class='ocrx_word' id='word_1_57' title='bbox 900 1587 1032 1652; x_wconf 88' lang='lat' dir='ltr'>Volkes.</span> <span class='ocrx_word' id='word_1_58' title='bbox 1060 1588 1157 1653; x_wconf 84' lang='lat' dir='ltr'>Decr.</span> <span class='ocrx_word' id='word_1_59' title='bbox 1219 1589 1334 1668; x_wconf 85' lang='lat' dir='ltr'>nensis,</span> <span class='ocrx_word' id='word_1_60' title='bbox 1351 1590 1383 1652; x_wconf 92' lang='lat' dir='ltr'>in</span> <span class='ocrx_word' id='word_1_61' title='bbox 1398 1610 1461 1671; x_wconf 91' lang='lat' dir='ltr'>qua</span> <span class='ocrx_word' id='word_1_62' title='bbox 1474 1591 1657 1652; x_wconf 87' lang='lat' dir='ltr'>Lucernae</span> <span class='ocrx_word' id='word_1_63' title='bbox 1677 1591 1901 1658; x_wconf 86' lang='lat' dir='ltr'>Helvetiorum</span> 
     </span>
     <span class='ocr_line' id='line_1_8' title="bbox 505 1694 1901 1781; baseline 0.004 -21"><span class='ocrx_word' id='word_1_64' title='bbox 505 1697 540 1760; x_wconf 90' lang='lat' dir='ltr'>S.</span> <span class='ocrx_word' id='word_1_65' title='bbox 570 1697 633 1779; x_wconf 84' lang='lat' dir='ltr'>Off.</span> <span class='ocrx_word' id='word_1_66' title='bbox 654 1696 720 1774; x_wconf 74' lang='lat' dir='ltr'>ser.</span> <span class='ocrx_word' id='word_1_67' title='bbox 754 1694 787 1757; x_wconf 88' lang='lat' dir='ltr'>V.</span> <span class='ocrx_word' id='word_1_68' title='bbox 811 1713 852 1756; x_wconf 86' lang='grc'>22</span> <span class='ocrx_word' id='word_1_69' title='bbox 876 1698 944 1759; x_wconf 84' lang='lat' dir='ltr'>iun.</span> <span class='ocrx_word' id='word_1_70' title='bbox 968 1701 1058 1775; x_wconf 83' lang='grc'><strong><em>2872.</em></strong></span> <span class='ocrx_word' id='word_1_71' title='bbox 1218 1719 1244 1761; x_wconf 94' lang='lat' dir='ltr'>s.</span> <span class='ocrx_word' id='word_1_72' title='bbox 1268 1699 1383 1778; x_wconf 89' lang='lat' dir='ltr'>loseph</span> <span class='ocrx_word' id='word_1_73' title='bbox 1398 1698 1448 1760; x_wconf 86' lang='lat' dir='ltr'>vir</span> <span class='ocrx_word' id='word_1_74' title='bbox 1464 1698 1597 1761; x_wconf 86' lang='lat' dir='ltr'>Mariae</span> <span class='ocrx_word' id='word_1_75' title='bbox 1621 1713 1771 1764; x_wconf 90' lang='lat' dir='ltr'>oeutum</span> <span class='ocrx_word' id='word_1_76' title='bbox 1796 1701 1901 1781; x_wconf 80' lang='lat' dir='ltr'>elogiis</span> 
     </span>
    </p>

    <p class='ocr_par' dir='ltr' id='par_1_3' title="bbox 504 1803 1902 1997">
     <span class='ocr_line' id='line_1_9' title="bbox 549 1803 1901 1890; baseline 0.003 -22"><span class='ocrx_word' id='word_1_77' title='bbox 549 1803 723 1885; x_wconf 86' lang='lat' dir='ltr'>Reihing,</span> <span class='ocrx_word' id='word_1_78' title='bbox 747 1805 891 1867; x_wconf 88' lang='lat' dir='ltr'>lacobus.</span> <span class='ocrx_word' id='word_1_79' title='bbox 917 1805 1036 1885; x_wconf 88' lang='lat' dir='ltr'>Laquei</span> <span class='ocrx_word' id='word_1_80' title='bbox 1059 1803 1160 1884; x_wconf 90' lang='lat' dir='ltr'>ponti·</span> <span class='ocrx_word' id='word_1_81' title='bbox 1219 1806 1394 1869; x_wconf 82' lang='lat' dir='ltr'>illustratur</span> <span class='ocrx_word' id='word_1_82' title='bbox 1415 1819 1514 1886; x_wconf 90' lang='lat' dir='ltr'>atque</span> <span class='ocrx_word' id='word_1_83' title='bbox 1539 1822 1797 1888; x_wconf 78' lang='lat' dir='ltr'>propugnatur</span> <span class='ocrx_word' id='word_1_84' title='bbox 1824 1829 1901 1890; x_wconf 83' lang='lat' dir='ltr'>prae·</span> 
     </span>
     <span class='ocr_line' id='line_1_10' title="bbox 504 1911 1902 1997; baseline 0.006 -23"><span class='ocrx_word' id='word_1_85' title='bbox 504 1912 566 1974; x_wconf 86' lang='lat' dir='ltr'>ficii</span> <span class='ocrx_word' id='word_1_86' title='bbox 591 1911 728 1975; x_wconf 85' lang='lat' dir='ltr'>contriti.</span> <span class='ocrx_word' id='word_1_87' title='bbox 754 1911 852 1975; x_wconf 84' lang='lat' dir='ltr'>Decr.</span> <span class='ocrx_word' id='word_1_88' title='bbox 877 1917 1136 1990; x_wconf 79' lang='lat' dir='ltr'>5marl.1622.</span> <span class='ocrx_word' id='word_1_89' title='bbox 1219 1914 1288 1976; x_wconf 88' lang='lat' dir='ltr'>side</span> <span class='ocrx_word' id='word_1_90' title='bbox 1319 1916 1435 1978; x_wconf 85' lang='lat' dir='ltr'>Iacobo</span> <span class='ocrx_word' id='word_1_91' title='bbox 1465 1913 1567 1976; x_wconf 89' lang='lat' dir='ltr'>Reiss</span> <span class='ocrx_word' id='word_1_92' title='bbox 1601 1917 1843 1997; x_wconf 79' lang='lat' dir='ltr'>respondente</span> <span class='ocrx_word' id='word_1_93' title='bbox 1863 1919 1902 1982; x_wconf 73' lang='lat'>12·</span> 
     </span>
    </p>

    <p class='ocr_par' dir='ltr' id='par_1_4' title="bbox 505 2017 1902 2320">
     <span class='ocr_line' id='line_1_11' title="bbox 550 2017 1900 2101; baseline 0.006 -17"><span class='ocrx_word' id='word_1_94' title='bbox 550 2018 788 2098; x_wconf 83' lang='lat' dir='ltr'>Reineccius,</span> <span class='ocrx_word' id='word_1_95' title='bbox 815 2018 981 2081; x_wconf 87' lang='lat' dir='ltr'>Reinerus.</span> <span class='ocrx_word' id='word_1_96' title='bbox 1010 2039 1038 2080; x_wconf 86' lang='lat' dir='ltr'>v.</span> <span class='ocrx_word' id='word_1_97' title='bbox 1065 2017 1160 2080; x_wconf 90' lang='lat' dir='ltr'>Hel·</span> <span class='ocrx_word' id='word_1_98' title='bbox 1220 2024 1302 2085; x_wconf 91' lang='lat' dir='ltr'>cobo</span> <span class='ocrx_word' id='word_1_99' title='bbox 1324 2022 1460 2085; x_wconf 89' lang='lat' dir='ltr'>Tschan.</span> <span class='ocrx_word' id='word_1_100' title='bbox 1485 2021 1591 2087; x_wconf 84' lang='lat' dir='ltr'>Decr.</span> <span class='ocrx_word' id='word_1_101' title='bbox 1617 2041 1668 2101; x_wconf 82' lang='grc'><strong><em>29</em></strong></span> <span class='ocrx_word' id='word_1_102' title='bbox 1694 2031 1804 2090; x_wconf 77' lang='lat' dir='ltr'>mart.</span> <span class='ocrx_word' id='word_1_103' title='bbox 1820 2033 1900 2092; x_wconf 87' lang='grc'><strong><em>2662.</em></strong></span> 
     </span>
     <span class='ocr_line' id='line_1_12' title="bbox 505 2124 1902 2212; baseline 0.006 -23"><span class='ocrx_word' id='word_1_104' title='bbox 505 2125 687 2189; x_wconf 85' lang='lat' dir='ltr'>molrlus.</span> <span class='ocrx_word' id='word_1_105' title='bbox 720 2124 878 2188; x_wconf 89' lang='lat' dir='ltr'>Chronica</span> <span class='ocrx_word' id='word_1_106' title='bbox 906 2124 1077 2189; x_wconf 90' lang='lat' dir='ltr'>Slavorum</span> <span class='ocrx_word' id='word_1_107' title='bbox 1104 2145 1159 2187; x_wconf 91' lang='lat' dir='ltr'>seu</span> <span class='ocrx_word' id='word_1_108' title='bbox 1226 2129 1376 2192; x_wconf 77' lang='lat' dir='ltr'>Correcla</span> <span class='ocrx_word' id='word_1_109' title='bbox 1400 2132 1495 2192; x_wconf 79' lang='lat' dir='ltr'>iuxta</span> <span class='ocrx_word' id='word_1_110' title='bbox 1524 2130 1622 2196; x_wconf 85' lang='lat' dir='ltr'>decr.</span> <span class='ocrx_word' id='word_1_111' title='bbox 1651 2137 1902 2212; x_wconf 73' lang='lat' dir='ltr'>25ian.1665</span> 
     </span>
     <span class='ocr_line' id='line_1_13' title="bbox 508 2234 1435 2320; baseline 0.005 -24"><span class='ocrx_word' id='word_1_112' title='bbox 508 2234 646 2296; x_wconf 89' lang='lat' dir='ltr'>annales.</span> <span class='ocrx_word' id='word_1_113' title='bbox 1217 2237 1435 2320; x_wconf 75' lang='lat' dir='ltr'>permittitur.</span> 
     </span>
    </p>

    <p class='ocr_par' dir='ltr' id='par_1_5' title="bbox 504 2340 1900 2754">
     <span class='ocr_line' id='line_1_14' title="bbox 550 2340 1900 2422; baseline 0.005 -16"><span class='ocrx_word' id='word_1_114' title='bbox 550 2340 757 2421; x_wconf 77' lang='lat' dir='ltr'>ReinkenS,</span> <span class='ocrx_word' id='word_1_115' title='bbox 773 2341 891 2422; x_wconf 88' lang='lat' dir='ltr'>Joseph</span> <span class='ocrx_word' id='word_1_116' title='bbox 906 2342 1041 2405; x_wconf 82' lang='lat' dir='ltr'>Hubert.</span> <span class='ocrx_word' id='word_1_117' title='bbox 1055 2341 1162 2403; x_wconf 89' lang='lat' dir='ltr'>Ueber</span> <span class='ocrx_word' id='word_1_118' title='bbox 1265 2346 1284 2422; x_wconf 87' lang='lat'><em>†</em></span> <span class='ocrx_word' id='word_1_119' title='bbox 1318 2343 1501 2412; x_wconf 84' lang='lat' dir='ltr'>Relaclon</span> <span class='ocrx_word' id='word_1_120' title='bbox 1528 2345 1575 2407; x_wconf 88' lang='lat' dir='ltr'>de</span> <span class='ocrx_word' id='word_1_121' title='bbox 1603 2344 1643 2409; x_wconf 93' lang='lat' dir='ltr'>lo</span> <span class='ocrx_word' id='word_1_122' title='bbox 1675 2349 1846 2413; x_wconf 87' lang='lat' dir='ltr'>sucedido</span> <span class='ocrx_word' id='word_1_123' title='bbox 1867 2369 1900 2412; x_wconf 78' lang='lat' dir='ltr'>en</span> 
     </span>
     <span class='ocr_line' id='line_1_15' title="bbox 504 2447 1900 2522; baseline 0.007 -11"><span class='ocrx_word' id='word_1_124' title='bbox 504 2448 633 2511; x_wconf 86' lang='lat' dir='ltr'>Einheit</span> <span class='ocrx_word' id='word_1_125' title='bbox 657 2450 714 2510; x_wconf 90' lang='lat' dir='ltr'>der</span> <span class='ocrx_word' id='word_1_126' title='bbox 737 2449 960 2512; x_wconf 81' lang='lat' dir='ltr'>katholisclren</span> <span class='ocrx_word' id='word_1_127' title='bbox 973 2447 1103 2522; x_wconf 91' lang='lat' dir='ltr'>Kirche‚</span> <span class='ocrx_word' id='word_1_128' title='bbox 1121 2448 1160 2509; x_wconf 89' lang='lat' dir='ltr'>ei·</span> <span class='ocrx_word' id='word_1_129' title='bbox 1222 2453 1327 2514; x_wconf 89' lang='lat' dir='ltr'>Roma</span> <span class='ocrx_word' id='word_1_130' title='bbox 1350 2454 1444 2516; x_wconf 84' lang='lat' dir='ltr'>sobre</span> <span class='ocrx_word' id='word_1_131' title='bbox 1472 2451 1502 2513; x_wconf 91' lang='lat' dir='ltr'>cl</span> <span class='ocrx_word' id='word_1_132' title='bbox 1525 2455 1828 2522; x_wconf 88' lang='lat' dir='ltr'>reconocimiento</span> <span class='ocrx_word' id='word_1_133' title='bbox 1857 2459 1900 2521; x_wconf 85' lang='lat' dir='ltr'>del</span> 
     </span>
     <span class='ocr_line' id='line_1_16' title="bbox 506 2555 1900 2640; baseline 0.009 -22"><span class='ocrx_word' id='word_1_134' title='bbox 506 2557 581 2636; x_wconf 81' lang='lat' dir='ltr'>nige</span> <span class='ocrx_word' id='word_1_135' title='bbox 596 2555 741 2620; x_wconf 90' lang='lat' dir='ltr'>Studien.</span> <span class='ocrx_word' id='word_1_136' title='bbox 763 2557 860 2620; x_wconf 81' lang='lat' dir='ltr'>Decr.</span> <span class='ocrx_word' id='word_1_137' title='bbox 884 2556 919 2620; x_wconf 90' lang='lat' dir='ltr'>S.</span> <span class='ocrx_word' id='word_1_138' title='bbox 949 2555 1012 2638; x_wconf 82' lang='lat' dir='ltr'>Off.</span> <span class='ocrx_word' id='word_1_139' title='bbox 1037 2574 1076 2632; x_wconf 85' lang='lat'>19</span> <span class='ocrx_word' id='word_1_140' title='bbox 1099 2556 1161 2620; x_wconf 85' lang='lat' dir='ltr'>dec.</span> <span class='ocrx_word' id='word_1_141' title='bbox 1220 2559 1438 2640; x_wconf 87' lang='lat' dir='ltr'>archiduque‚</span> <span class='ocrx_word' id='word_1_142' title='bbox 1471 2561 1721 2626; x_wconf 83' lang='lat' dir='ltr'>concordados</span> <span class='ocrx_word' id='word_1_143' title='bbox 1753 2577 1848 2629; x_wconf 88' lang='lat' dir='ltr'>entre</span> <span class='ocrx_word' id='word_1_144' title='bbox 1876 2565 1900 2628; x_wconf 88' lang='lat' dir='ltr'>el</span> 
     </span>
     <span class='ocr_line' id='line_1_17' title="bbox 507 2666 1900 2754; baseline 0.009 -30"><span class='ocrx_word' id='word_1_145' title='bbox 507 2669 597 2743; x_wconf 85' lang='lat'><em>1877.</em></span> <span class='ocrx_word' id='word_1_146' title='bbox 1223 2688 1304 2747; x_wconf 88' lang='lat' dir='ltr'>papa</span> <span class='ocrx_word' id='word_1_147' title='bbox 1334 2689 1357 2748; x_wconf 83' lang='lat' dir='ltr'>y</span> <span class='ocrx_word' id='word_1_148' title='bbox 1386 2687 1441 2747; x_wconf 91' lang='lat' dir='ltr'>rey</span> <span class='ocrx_word' id='word_1_149' title='bbox 1472 2666 1513 2729; x_wconf 91' lang='lat' dir='ltr'>de</span> <span class='ocrx_word' id='word_1_150' title='bbox 1545 2686 1739 2748; x_wconf 73' lang='lat' dir='ltr'>romanos3</span> <span class='ocrx_word' id='word_1_151' title='bbox 1765 2685 1900 2754; x_wconf 64' lang='lat' dir='ltr'>proteu</span> 
     </span>
    </p>

    <p class='ocr_par' dir='ltr' id='par_1_6' title="bbox 507 2769 1903 3181">
     <span class='ocr_line' id='line_1_18' title="bbox 551 2769 1901 2854; baseline 0.009 -22"><span class='ocrx_word' id='word_1_152' title='bbox 551 2805 594 2818; x_wconf 98' lang='lat'>-</span> <span class='ocrx_word' id='word_1_153' title='bbox 611 2772 656 2833; x_wconf 90' lang='lat' dir='ltr'>Ist</span> <span class='ocrx_word' id='word_1_154' title='bbox 672 2792 712 2832; x_wconf 90' lang='lat' dir='ltr'>an</span> <span class='ocrx_word' id='word_1_155' title='bbox 728 2771 780 2833; x_wconf 81' lang='lat' dir='ltr'>&lt;lie</span> <span class='ocrx_word' id='word_1_156' title='bbox 793 2771 890 2834; x_wconf 92' lang='lat' dir='ltr'>Stelle</span> <span class='ocrx_word' id='word_1_157' title='bbox 907 2769 1025 2833; x_wconf 86' lang='lat' dir='ltr'>Christi</span> <span class='ocrx_word' id='word_1_158' title='bbox 1038 2770 1088 2832; x_wconf 82' lang='lat' dir='ltr'>sur</span> <span class='ocrx_word' id='word_1_159' title='bbox 1104 2790 1162 2831; x_wconf 90' lang='lat' dir='ltr'>uns</span> <span class='ocrx_word' id='word_1_160' title='bbox 1225 2775 1325 2837; x_wconf 87' lang='lat' dir='ltr'>hecha</span> <span class='ocrx_word' id='word_1_161' title='bbox 1342 2794 1401 2854; x_wconf 91' lang='lat' dir='ltr'>por</span> <span class='ocrx_word' id='word_1_162' title='bbox 1422 2774 1450 2836; x_wconf 90' lang='lat' dir='ltr'>el</span> <span class='ocrx_word' id='word_1_163' title='bbox 1474 2773 1589 2854; x_wconf 91' lang='lat' dir='ltr'>duque</span> <span class='ocrx_word' id='word_1_164' title='bbox 1611 2777 1662 2839; x_wconf 89' lang='lat' dir='ltr'>de</span> <span class='ocrx_word' id='word_1_165' title='bbox 1684 2778 1810 2843; x_wconf 83' lang='lat' dir='ltr'>Uzeda</span> <span class='ocrx_word' id='word_1_166' title='bbox 1831 2801 1851 2843; x_wconf 91' lang='lat' dir='ltr'>a</span> <span class='ocrx_word' id='word_1_167' title='bbox 1871 2801 1901 2843; x_wconf 85' lang='lat' dir='ltr'>su</span> 
     </span>
     <span class='ocr_line' id='line_1_19' title="bbox 507 2877 1900 2970; baseline 0.009 -31"><span class='ocrx_word' id='word_1_168' title='bbox 507 2877 564 2940; x_wconf 92' lang='lat' dir='ltr'>der</span> <span class='ocrx_word' id='word_1_169' title='bbox 578 2879 673 2958; x_wconf 84' lang='lat' dir='ltr'>l&#39;apst</span> <span class='ocrx_word' id='word_1_170' title='bbox 685 2880 847 2956; x_wconf 86' lang='lat' dir='ltr'>getreten?</span> <span class='ocrx_word' id='word_1_171' title='bbox 863 2878 941 2939; x_wconf 89' lang='lat' dir='ltr'>Eine</span> <span class='ocrx_word' id='word_1_172' title='bbox 954 2877 1045 2940; x_wconf 90' lang='lat' dir='ltr'>Rede</span> <span class='ocrx_word' id='word_1_173' title='bbox 1055 2878 1163 2954; x_wconf 77' lang='lat' dir='ltr'>gebal·</span> <span class='ocrx_word' id='word_1_174' title='bbox 1223 2881 1381 2956; x_wconf 78' lang='lat' dir='ltr'>santidad</span> <span class='ocrx_word' id='word_1_175' title='bbox 1399 2903 1420 2962; x_wconf 86' lang='lat' dir='ltr'>y</span> <span class='ocrx_word' id='word_1_176' title='bbox 1436 2880 1538 2956; x_wconf 85' lang='lat' dir='ltr'>oficio,</span> <span class='ocrx_word' id='word_1_177' title='bbox 1558 2903 1630 2964; x_wconf 91' lang='lat' dir='ltr'>que</span> <span class='ocrx_word' id='word_1_178' title='bbox 1649 2885 1786 2951; x_wconf 73' lang='lat' dir='ltr'>mandi&gt;</span> <span class='ocrx_word' id='word_1_179' title='bbox 1804 2889 1836 2951; x_wconf 85' lang='lat' dir='ltr'>el</span> <span class='ocrx_word' id='word_1_180' title='bbox 1853 2909 1900 2970; x_wconf 81' lang='lat' dir='ltr'>rey</span> 
     </span>
     <span class='ocr_line' id='line_1_20' title="bbox 507 2983 1901 3070; baseline 0.009 -22"><span class='ocrx_word' id='word_1_181' title='bbox 507 2997 560 3048; x_wconf 92' lang='lat' dir='ltr'>ten</span> <span class='ocrx_word' id='word_1_182' title='bbox 584 3006 623 3047; x_wconf 92' lang='lat' dir='ltr'>zu</span> <span class='ocrx_word' id='word_1_183' title='bbox 645 2984 842 3062; x_wconf 81' lang='lat' dir='ltr'>Wurzburg.</span> <span class='ocrx_word' id='word_1_184' title='bbox 868 2984 964 3047; x_wconf 84' lang='lat' dir='ltr'>Decr.</span> <span class='ocrx_word' id='word_1_185' title='bbox 985 2983 1020 3047; x_wconf 88' lang='lat' dir='ltr'>S.</span> <span class='ocrx_word' id='word_1_186' title='bbox 1043 2983 1106 3064; x_wconf 72' lang='lat' dir='ltr'>Off.</span> <span class='ocrx_word' id='word_1_187' title='bbox 1124 3001 1162 3060; x_wconf 88' lang='grc'><strong><em>29</em></strong></span> <span class='ocrx_word' id='word_1_188' title='bbox 1223 3011 1256 3051; x_wconf 87' lang='lat' dir='ltr'>se</span> <span class='ocrx_word' id='word_1_189' title='bbox 1280 3010 1427 3070; x_wconf 88' lang='lat' dir='ltr'>passasse</span> <span class='ocrx_word' id='word_1_190' title='bbox 1450 3008 1511 3051; x_wconf 92' lang='lat' dir='ltr'>con</span> <span class='ocrx_word' id='word_1_191' title='bbox 1532 2988 1565 3051; x_wconf 90' lang='lat' dir='ltr'>el</span> <span class='ocrx_word' id='word_1_192' title='bbox 1590 2994 1727 3057; x_wconf 89' lang='lat' dir='ltr'>nuncio</span> <span class='ocrx_word' id='word_1_193' title='bbox 1750 2995 1901 3060; x_wconf 65' lang='lat' dir='ltr'>insinuare</span> 
     </span>
     <span class='ocr_line' id='line_1_21' title="bbox 508 3093 1903 3181; baseline 0.007 -27"><span class='ocrx_word' id='word_1_194' title='bbox 508 3093 571 3155; x_wconf 82' lang='lat' dir='ltr'>dcc.</span> <span class='ocrx_word' id='word_1_195' title='bbox 595 3097 685 3171; x_wconf 89' lang='lat'><em>1877.</em></span> <span class='ocrx_word' id='word_1_196' title='bbox 1223 3097 1295 3159; x_wconf 90' lang='lat' dir='ltr'>dole</span> <span class='ocrx_word' id='word_1_197' title='bbox 1326 3116 1363 3159; x_wconf 94' lang='lat' dir='ltr'>su</span> <span class='ocrx_word' id='word_1_198' title='bbox 1395 3096 1496 3158; x_wconf 86' lang='lat' dir='ltr'>salida</span> <span class='ocrx_word' id='word_1_199' title='bbox 1531 3094 1577 3159; x_wconf 92' lang='lat' dir='ltr'>de</span> <span class='ocrx_word' id='word_1_200' title='bbox 1613 3097 1775 3181; x_wconf 75' lang='lat' dir='ltr'>Espafia.</span> <span class='ocrx_word' id='word_1_201' title='bbox 1807 3105 1903 3167; x_wconf 79' lang='lat' dir='ltr'>Brevi</span> 
     </span>
    </p>

    <p class='ocr_par' dir='ltr' id='par_1_7' title="bbox 506 3198 1901 4029">
     <span class='ocr_line' id='line_1_22' title="bbox 551 3198 1662 3284; baseline 0.003 -17"><span class='ocrx_word' id='word_1_202' title='bbox 551 3198 782 3280; x_wconf 83' lang='lat' dir='ltr'>Reinklngk,</span> <span class='ocrx_word' id='word_1_203' title='bbox 805 3198 1005 3263; x_wconf 88' lang='lat' dir='ltr'>Theodorus.</span> <span class='ocrx_word' id='word_1_204' title='bbox 1036 3199 1163 3260; x_wconf 86' lang='lat' dir='ltr'>Tracta·</span> <span class='ocrx_word' id='word_1_205' title='bbox 1226 3201 1322 3267; x_wconf 83' lang='lat' dir='ltr'>Clem.</span> <span class='ocrx_word' id='word_1_206' title='bbox 1347 3202 1409 3268; x_wconf 82' lang='lat' dir='ltr'>XI.</span> <span class='ocrx_word' id='word_1_207' title='bbox 1434 3208 1532 3267; x_wconf 71' lang='lat'>2001.</span> <span class='ocrx_word' id='word_1_208' title='bbox 1558 3221 1662 3284; x_wconf 82' lang='grc'><strong><em>2709.</em></strong></span> 
     </span>
     <span class='ocr_line' id='line_1_23' title="bbox 507 3305 1901 3390; baseline 0.005 -20"><span class='ocrx_word' id='word_1_209' title='bbox 507 3320 559 3370; x_wconf 89' lang='lat' dir='ltr'>tus</span> <span class='ocrx_word' id='word_1_210' title='bbox 594 3307 635 3369; x_wconf 92' lang='lat' dir='ltr'>de</span> <span class='ocrx_word' id='word_1_211' title='bbox 669 3306 823 3385; x_wconf 85' lang='lat' dir='ltr'>regimine</span> <span class='ocrx_word' id='word_1_212' title='bbox 854 3305 1008 3368; x_wconf 84' lang='lat' dir='ltr'>saeculari</span> <span class='ocrx_word' id='word_1_213' title='bbox 1049 3319 1082 3368; x_wconf 92' lang='lat' dir='ltr'>et</span> <span class='ocrx_word' id='word_1_214' title='bbox 1115 3326 1162 3367; x_wconf 87' lang='lat' dir='ltr'>ec·</span> <span class='ocrx_word' id='word_1_215' title='bbox 1266 3310 1480 3390; x_wconf 76' lang='lat' dir='ltr'>Relandu8‚</span> <span class='ocrx_word' id='word_1_216' title='bbox 1511 3311 1727 3382; x_wconf 78' lang='lat' dir='ltr'>Hadrianus.</span> <span class='ocrx_word' id='word_1_217' title='bbox 1765 3318 1820 3380; x_wconf 85' lang='lat' dir='ltr'>De</span> <span class='ocrx_word' id='word_1_218' title='bbox 1842 3319 1901 3381; x_wconf 79' lang='lat' dir='ltr'>reli</span> 
     </span>
     <span class='ocr_line' id='line_1_24' title="bbox 507 3413 1899 3497; baseline 0.01 -21"><span class='ocrx_word' id='word_1_219' title='bbox 507 3414 693 3478; x_wconf 84' lang='lat' dir='ltr'>clesiastico.</span> <span class='ocrx_word' id='word_1_220' title='bbox 744 3414 956 3476; x_wconf 86' lang='lat' dir='ltr'>Accesscrunt</span> <span class='ocrx_word' id='word_1_221' title='bbox 1012 3413 1162 3475; x_wconf 79' lang='lat' dir='ltr'>nonnulla</span> <span class='ocrx_word' id='word_1_222' title='bbox 1222 3416 1596 3497; x_wconf 84' lang='lat' dir='ltr'>gionemohammedioa,</span> <span class='ocrx_word' id='word_1_223' title='bbox 1610 3419 1698 3485; x_wconf 91' lang='lat' dir='ltr'>libri</span> <span class='ocrx_word' id='word_1_224' title='bbox 1712 3424 1899 3491; x_wconf 81' lang='lat' dir='ltr'>duo.Decr.</span> 
     </span>
     <span class='ocr_line' id='line_1_25' title="bbox 507 3520 1477 3606; baseline 0.003 -21"><span class='ocrx_word' id='word_1_225' title='bbox 507 3542 590 3603; x_wconf 83' lang='lat' dir='ltr'>quae</span> <span class='ocrx_word' id='word_1_226' title='bbox 612 3522 695 3584; x_wconf 89' lang='lat' dir='ltr'>circa</span> <span class='ocrx_word' id='word_1_227' title='bbox 719 3521 880 3601; x_wconf 85' lang='lat' dir='ltr'>publicum</span> <span class='ocrx_word' id='word_1_228' title='bbox 897 3520 1019 3600; x_wconf 89' lang='lat' dir='ltr'>imperii</span> <span class='ocrx_word' id='word_1_229' title='bbox 1043 3532 1161 3582; x_wconf 89' lang='lat' dir='ltr'>statum</span> <span class='ocrx_word' id='word_1_230' title='bbox 1221 3543 1262 3605; x_wconf 83' lang='lat'>27</span> <span class='ocrx_word' id='word_1_231' title='bbox 1285 3533 1358 3606; x_wconf 78' lang='lat' dir='ltr'>apr.</span> <span class='ocrx_word' id='word_1_232' title='bbox 1387 3542 1477 3603; x_wconf 83' lang='grc'><strong><em>2722.</em></strong></span> 
     </span>
     <span class='ocr_line' id='line_1_26' title="bbox 508 3628 1901 3719; baseline 0.007 -27"><span class='ocrx_word' id='word_1_233' title='bbox 508 3630 698 3693; x_wconf 89' lang='lat' dir='ltr'>durantibus</span> <span class='ocrx_word' id='word_1_234' title='bbox 715 3628 786 3692; x_wconf 90' lang='lat' dir='ltr'>belli</span> <span class='ocrx_word' id='word_1_235' title='bbox 804 3628 944 3690; x_wconf 89' lang='lat' dir='ltr'>motibus</span> <span class='ocrx_word' id='word_1_236' title='bbox 967 3648 1006 3689; x_wconf 89' lang='lat' dir='ltr'>ac</span> <span class='ocrx_word' id='word_1_237' title='bbox 1029 3648 1086 3707; x_wconf 89' lang='lat' dir='ltr'>per</span> <span class='ocrx_word' id='word_1_238' title='bbox 1110 3647 1162 3690; x_wconf 78' lang='lat' dir='ltr'>no</span> <span class='ocrx_word' id='word_1_239' title='bbox 1266 3629 1417 3700; x_wconf 82' lang='lat' dir='ltr'>Relatio</span> <span class='ocrx_word' id='word_1_240' title='bbox 1440 3630 1551 3709; x_wconf 85' lang='lat' dir='ltr'>nuperi</span> <span class='ocrx_word' id='word_1_241' title='bbox 1583 3630 1722 3700; x_wconf 85' lang='lat' dir='ltr'>itineris</span> <span class='ocrx_word' id='word_1_242' title='bbox 1749 3640 1901 3719; x_wconf 86' lang='lat' dir='ltr'>proscrib-</span> 
     </span>
     <span class='ocr_line' id='line_1_27' title="bbox 507 3735 1900 3820; baseline 0.007 -23"><span class='ocrx_word' id='word_1_243' title='bbox 507 3757 581 3798; x_wconf 85' lang='lat' dir='ltr'>vam</span> <span class='ocrx_word' id='word_1_244' title='bbox 605 3736 692 3815; x_wconf 89' lang='lat' dir='ltr'>pacis</span> <span class='ocrx_word' id='word_1_245' title='bbox 715 3735 977 3815; x_wconf 85' lang='lat' dir='ltr'>compositionem</span> <span class='ocrx_word' id='word_1_246' title='bbox 1002 3735 1052 3796; x_wconf 88' lang='lat' dir='ltr'>vel</span> <span class='ocrx_word' id='word_1_247' title='bbox 1076 3735 1163 3796; x_wconf 89' lang='lat' dir='ltr'>inno·</span> <span class='ocrx_word' id='word_1_248' title='bbox 1223 3750 1328 3800; x_wconf 90' lang='lat' dir='ltr'>torum</span> <span class='ocrx_word' id='word_1_249' title='bbox 1340 3737 1523 3799; x_wconf 88' lang='lat' dir='ltr'>iesuitarum</span> <span class='ocrx_word' id='word_1_250' title='bbox 1539 3756 1581 3798; x_wconf 85' lang='lat' dir='ltr'>ex</span> <span class='ocrx_word' id='word_1_251' title='bbox 1593 3744 1717 3820; x_wconf 84' lang='lat' dir='ltr'>regnis</span> <span class='ocrx_word' id='word_1_252' title='bbox 1730 3745 1900 3809; x_wconf 82' lang='lat' dir='ltr'>Bohemiae</span> 
     </span>
     <span class='ocr_line' id='line_1_28' title="bbox 508 3842 1899 3923; baseline 0.009 -18"><span class='ocrx_word' id='word_1_253' title='bbox 508 3857 581 3906; x_wconf 88' lang='lat' dir='ltr'>vata</span> <span class='ocrx_word' id='word_1_254' title='bbox 604 3844 654 3905; x_wconf 89' lang='lat' dir='ltr'>vel</span> <span class='ocrx_word' id='word_1_255' title='bbox 677 3842 872 3916; x_wconf 80' lang='lat' dir='ltr'>confirmata,</span> <span class='ocrx_word' id='word_1_256' title='bbox 895 3862 951 3903; x_wconf 90' lang='lat' dir='ltr'>nec</span> <span class='ocrx_word' id='word_1_257' title='bbox 974 3862 1038 3904; x_wconf 91' lang='lat' dir='ltr'>non</span> <span class='ocrx_word' id='word_1_258' title='bbox 1061 3863 1162 3921; x_wconf 86' lang='lat' dir='ltr'>pauca</span> <span class='ocrx_word' id='word_1_259' title='bbox 1221 3860 1253 3909; x_wconf 90' lang='lat' dir='ltr'>et</span> <span class='ocrx_word' id='word_1_260' title='bbox 1277 3843 1438 3923; x_wconf 89' lang='lat' dir='ltr'>Ungariae</span> <span class='ocrx_word' id='word_1_261' title='bbox 1454 3843 1549 3905; x_wconf 87' lang='lat' dir='ltr'>missa</span> <span class='ocrx_word' id='word_1_262' title='bbox 1565 3864 1607 3907; x_wconf 82' lang='lat' dir='ltr'>ex</span> <span class='ocrx_word' id='word_1_263' title='bbox 1627 3848 1804 3916; x_wconf 89' lang='lat' dir='ltr'>Helicone</span> <span class='ocrx_word' id='word_1_264' title='bbox 1819 3855 1899 3916; x_wconf 80' lang='lat' dir='ltr'>iuxta</span> 
     </span>
     <span class='ocr_line' id='line_1_29' title="bbox 506 3949 1847 4029; baseline 0.009 -16"><span class='ocrx_word' id='word_1_265' title='bbox 506 3949 578 4015; x_wconf 86' lang='lat' dir='ltr'>alia.</span> <span class='ocrx_word' id='word_1_266' title='bbox 604 3950 700 4014; x_wconf 84' lang='lat' dir='ltr'>Decr.</span> <span class='ocrx_word' id='word_1_267' title='bbox 725 3956 764 4012; x_wconf 92' lang='grc'><strong><em>26</em></strong></span> <span class='ocrx_word' id='word_1_268' title='bbox 785 3955 862 4029; x_wconf 77' lang='lat' dir='ltr'>sept.</span> <span class='ocrx_word' id='word_1_269' title='bbox 888 3956 983 4027; x_wconf 82' lang='lat'>1659.</span> <span class='ocrx_word' id='word_1_270' title='bbox 1223 3953 1422 4015; x_wconf 88' lang='lat' dir='ltr'>Parnassum.</span> <span class='ocrx_word' id='word_1_271' title='bbox 1448 3951 1546 4014; x_wconf 86' lang='lat' dir='ltr'>Decr.</span> <span class='ocrx_word' id='word_1_272' title='bbox 1574 3970 1614 4028; x_wconf 76' lang='lat'>3!</span> <span class='ocrx_word' id='word_1_273' title='bbox 1646 3959 1723 4020; x_wconf 80' lang='lat' dir='ltr'>ian.</span> <span class='ocrx_word' id='word_1_274' title='bbox 1750 3967 1847 4026; x_wconf 81' lang='lat'>1620.</span> 
     </span>
    </p>

    <p class='ocr_par' dir='ltr' id='par_1_8' title="bbox 508 4054 1899 4677">
     <span class='ocr_line' id='line_1_30' title="bbox 551 4054 1899 4139; baseline 0.007 -17"><span class='ocrx_word' id='word_1_275' title='bbox 551 4057 753 4136; x_wconf 77' lang='lat' dir='ltr'>ReiseruS,</span> <span class='ocrx_word' id='word_1_276' title='bbox 784 4057 955 4120; x_wconf 83' lang='lat' dir='ltr'>Antonius.</span> <span class='ocrx_word' id='word_1_277' title='bbox 986 4056 1020 4120; x_wconf 86' lang='lat' dir='ltr'>S.</span> <span class='ocrx_word' id='word_1_278' title='bbox 1054 4055 1164 4135; x_wconf 82' lang='lat' dir='ltr'>Augu·</span> <span class='ocrx_word' id='word_1_279' title='bbox 1267 4058 1445 4126; x_wconf 84' lang='lat' dir='ltr'>Relation</span> <span class='ocrx_word' id='word_1_280' title='bbox 1462 4058 1502 4118; x_wconf 91' lang='lat' dir='ltr'>de</span> <span class='ocrx_word' id='word_1_281' title='bbox 1517 4054 1747 4139; x_wconf 89' lang='lat' dir='ltr'>l’inquisition</span> <span class='ocrx_word' id='word_1_282' title='bbox 1765 4067 1810 4130; x_wconf 89' lang='lat' dir='ltr'>de</span> <span class='ocrx_word' id='word_1_283' title='bbox 1825 4067 1899 4131; x_wconf 84' lang='lat' dir='ltr'>Goa.</span> 
     </span>
     <span class='ocr_line' id='line_1_31' title="bbox 508 4161 1898 4246; baseline 0.005 -17"><span class='ocrx_word' id='word_1_284' title='bbox 508 4166 610 4229; x_wconf 88' lang='lat' dir='ltr'>stinus</span> <span class='ocrx_word' id='word_1_285' title='bbox 634 4161 777 4226; x_wconf 84' lang='lat' dir='ltr'>veritatis</span> <span class='ocrx_word' id='word_1_286' title='bbox 793 4163 1164 4242; x_wconf 84' lang='lat' dir='ltr'>evangelico-catholicae</span> <span class='ocrx_word' id='word_1_287' title='bbox 1224 4166 1321 4227; x_wconf 85' lang='lat' dir='ltr'>Decr.</span> <span class='ocrx_word' id='word_1_288' title='bbox 1346 4183 1388 4243; x_wconf 81' lang='lat'>²4</span> <span class='ocrx_word' id='word_1_289' title='bbox 1409 4171 1483 4246; x_wconf 77' lang='lat' dir='ltr'>apr.</span> <span class='ocrx_word' id='word_1_290' title='bbox 1519 4169 1610 4242; x_wconf 80' lang='grc'><strong><em>2696.</em></strong></span> <span class='ocrx_word' id='word_1_291' title='bbox 1651 4188 1684 4233; x_wconf 84' lang='lat' dir='ltr'>v.</span> <span class='ocrx_word' id='word_1_292' title='bbox 1727 4171 1898 4246; x_wconf 89' lang='lat' dir='ltr'>Dellon,</span> 
     </span>
     <span class='ocr_line' id='line_1_32' title="bbox 509 4270 1366 4351; baseline 0.001 -16"><span class='ocrx_word' id='word_1_293' title='bbox 509 4273 540 4335; x_wconf 90' lang='lat' dir='ltr'>in</span> <span class='ocrx_word' id='word_1_294' title='bbox 563 4271 741 4351; x_wconf 88' lang='lat' dir='ltr'>potioribus</span> <span class='ocrx_word' id='word_1_295' title='bbox 769 4271 843 4332; x_wconf 84' lang='lat' dir='ltr'>fidei</span> <span class='ocrx_word' id='word_1_296' title='bbox 875 4270 1099 4332; x_wconf 90' lang='lat' dir='ltr'>controversiis</span> <span class='ocrx_word' id='word_1_297' title='bbox 1123 4283 1164 4332; x_wconf 75' lang='lat' dir='ltr'>te</span> <span class='ocrx_word' id='word_1_298' title='bbox 1224 4271 1366 4336; x_wconf 89' lang='lat' dir='ltr'>Charles.</span> 
     </span>
     <span class='ocr_line' id='line_1_33' title="bbox 509 4377 1899 4451; baseline 0.001 -9"><span class='ocrx_word' id='word_1_299' title='bbox 509 4379 567 4442; x_wconf 90' lang='lat' dir='ltr'>stis</span> <span class='ocrx_word' id='word_1_300' title='bbox 589 4392 621 4441; x_wconf 90' lang='lat' dir='ltr'>et</span> <span class='ocrx_word' id='word_1_301' title='bbox 637 4379 798 4440; x_wconf 83' lang='lat' dir='ltr'>confessor</span> <span class='ocrx_word' id='word_1_302' title='bbox 815 4390 925 4440; x_wconf 88' lang='lat' dir='ltr'>contra</span> <span class='ocrx_word' id='word_1_303' title='bbox 939 4377 1162 4439; x_wconf 84' lang='lat' dir='ltr'>Bellnrnrinum</span> <span class='ocrx_word' id='word_1_304' title='bbox 1270 4378 1447 4446; x_wconf 76' lang='lat' dir='ltr'>Relatlon</span> <span class='ocrx_word' id='word_1_305' title='bbox 1483 4380 1526 4440; x_wconf 89' lang='lat' dir='ltr'>du</span> <span class='ocrx_word' id='word_1_306' title='bbox 1557 4377 1698 4445; x_wconf 86' lang='lat' dir='ltr'>miracle</span> <span class='ocrx_word' id='word_1_307' title='bbox 1733 4387 1845 4451; x_wconf 72' lang='lat' dir='ltr'>arrivt</span> <span class='ocrx_word' id='word_1_308' title='bbox 1865 4407 1899 4450; x_wconf 83' lang='lat' dir='ltr'>en</span> 
     </span>
     <span class='ocr_line' id='line_1_34' title="bbox 508 4484 1899 4565; baseline 0.008 -17"><span class='ocrx_word' id='word_1_309' title='bbox 508 4500 539 4548; x_wconf 91' lang='lat' dir='ltr'>et</span> <span class='ocrx_word' id='word_1_310' title='bbox 562 4485 642 4547; x_wconf 86' lang='lat' dir='ltr'>alios</span> <span class='ocrx_word' id='word_1_311' title='bbox 658 4485 829 4564; x_wconf 89' lang='lat' dir='ltr'>scriptores</span> <span class='ocrx_word' id='word_1_312' title='bbox 845 4505 992 4565; x_wconf 86' lang='lat' dir='ltr'>papaeos.</span> <span class='ocrx_word' id='word_1_313' title='bbox 1011 4485 1107 4548; x_wconf 81' lang='lat' dir='ltr'>Decr.</span> <span class='ocrx_word' id='word_1_314' title='bbox 1126 4503 1164 4560; x_wconf 80' lang='lat'>13</span> <span class='ocrx_word' id='word_1_315' title='bbox 1223 4486 1253 4548; x_wconf 89' lang='lat' dir='ltr'>la</span> <span class='ocrx_word' id='word_1_316' title='bbox 1285 4505 1439 4564; x_wconf 87' lang='lat' dir='ltr'>personne</span> <span class='ocrx_word' id='word_1_317' title='bbox 1470 4484 1510 4546; x_wconf 94' lang='lat' dir='ltr'>de</span> <span class='ocrx_word' id='word_1_318' title='bbox 1541 4485 1772 4555; x_wconf 75' lang='lat' dir='ltr'>Maris-Anne</span> <span class='ocrx_word' id='word_1_319' title='bbox 1805 4495 1899 4559; x_wconf 88' lang='lat' dir='ltr'>Pollet</span> 
     </span>
     <span class='ocr_line' id='line_1_35' title="bbox 510 4588 1898 4677; baseline 0.009 -23"><span class='ocrx_word' id='word_1_320' title='bbox 510 4595 578 4655; x_wconf 81' lang='lat' dir='ltr'>iun.</span> <span class='ocrx_word' id='word_1_321' title='bbox 609 4599 695 4671; x_wconf 87' lang='grc'><strong><em>2679.</em></strong></span> <span class='ocrx_word' id='word_1_322' title='bbox 1223 4590 1346 4672; x_wconf 74' lang='lat' dir='ltr'>affligee</span> <span class='ocrx_word' id='word_1_323' title='bbox 1358 4590 1471 4672; x_wconf 88' lang='lat' dir='ltr'>depuis</span> <span class='ocrx_word' id='word_1_324' title='bbox 1484 4588 1557 4671; x_wconf 76' lang='lat' dir='ltr'>pres</span> <span class='ocrx_word' id='word_1_325' title='bbox 1578 4590 1620 4654; x_wconf 91' lang='lat' dir='ltr'>de</span> <span class='ocrx_word' id='word_1_326' title='bbox 1643 4612 1773 4677; x_wconf 87' lang='lat' dir='ltr'>quatre</span> <span class='ocrx_word' id='word_1_327' title='bbox 1786 4599 1898 4665; x_wconf 71' lang='lat' dir='ltr'>anneus</span> 
     </span>
    </p>

    <p class='ocr_par' dir='ltr' id='par_1_9' title="bbox 509 4697 1901 5101">
     <span class='ocr_line' id='line_1_36' title="bbox 553 4697 1899 4790; baseline 0.011 -31"><span class='ocrx_word' id='word_1_328' title='bbox 553 4698 730 4760; x_wconf 89' lang='lat' dir='ltr'>—Brevis</span> <span class='ocrx_word' id='word_1_329' title='bbox 761 4698 910 4778; x_wconf 85' lang='lat' dir='ltr'>apologia</span> <span class='ocrx_word' id='word_1_330' title='bbox 942 4719 1000 4779; x_wconf 94' lang='lat' dir='ltr'>pro</span> <span class='ocrx_word' id='word_1_331' title='bbox 1029 4697 1163 4778; x_wconf 85' lang='lat' dir='ltr'>epistola</span> <span class='ocrx_word' id='word_1_332' title='bbox 1223 4697 1318 4761; x_wconf 86' lang='lat' dir='ltr'>d&#39;une</span> <span class='ocrx_word' id='word_1_333' title='bbox 1333 4698 1557 4778; x_wconf 86' lang='lat' dir='ltr'>complication</span> <span class='ocrx_word' id='word_1_334' title='bbox 1570 4699 1612 4761; x_wconf 87' lang='lat' dir='ltr'>de</span> <span class='ocrx_word' id='word_1_335' title='bbox 1624 4721 1734 4768; x_wconf 82' lang='lat' dir='ltr'>maux</span> <span class='ocrx_word' id='word_1_336' title='bbox 1751 4704 1899 4790; x_wconf 71' lang='lat' dir='ltr'>etrangot</span> 
     </span>
     <span class='ocr_line' id='line_1_37' title="bbox 509 4804 1899 4897; baseline 0.004 -29"><span class='ocrx_word' id='word_1_337' title='bbox 509 4805 648 4887; x_wconf 88' lang='lat' dir='ltr'>quadam</span> <span class='ocrx_word' id='word_1_338' title='bbox 694 4807 905 4869; x_wconf 86' lang='lat' dir='ltr'>consolatoria</span> <span class='ocrx_word' id='word_1_339' title='bbox 952 4807 983 4867; x_wconf 96' lang='lat' dir='ltr'>in</span> <span class='ocrx_word' id='word_1_340' title='bbox 1025 4805 1162 4884; x_wconf 84' lang='lat' dir='ltr'>gratiam</span> <span class='ocrx_word' id='word_1_341' title='bbox 1223 4820 1254 4869; x_wconf 89' lang='lat' dir='ltr'>et</span> <span class='ocrx_word' id='word_1_342' title='bbox 1277 4804 1387 4884; x_wconf 79' lang='lat' dir='ltr'>guerie</span> <span class='ocrx_word' id='word_1_343' title='bbox 1409 4806 1438 4868; x_wconf 87' lang='lat' dir='ltr'>le</span> <span class='ocrx_word' id='word_1_344' title='bbox 1461 4821 1498 4868; x_wconf 83' lang='lat' dir='ltr'>tv</span> <span class='ocrx_word' id='word_1_345' title='bbox 1522 4809 1669 4886; x_wconf 77' lang='lat' dir='ltr'>meyde</span> <span class='ocrx_word' id='word_1_346' title='bbox 1693 4811 1728 4876; x_wconf 82' lang='lat' dir='ltr'>la</span> <span class='ocrx_word' id='word_1_347' title='bbox 1755 4814 1899 4897; x_wconf 72' lang='lat' dir='ltr'>presente</span> 
     </span>
     <span class='ocr_line' id='line_1_38' title="bbox 509 4910 1901 4993; baseline 0.006 -18"><span class='ocrx_word' id='word_1_348' title='bbox 509 4933 534 4977; x_wconf 89' lang='lat' dir='ltr'>s.</span> <span class='ocrx_word' id='word_1_349' title='bbox 559 4912 713 4975; x_wconf 87' lang='lat' dir='ltr'>Aletheae</span> <span class='ocrx_word' id='word_1_350' title='bbox 736 4913 854 4992; x_wconf 92' lang='lat' dir='ltr'>scripta</span> <span class='ocrx_word' id='word_1_351' title='bbox 881 4925 911 4974; x_wconf 92' lang='lat' dir='ltr'>et</span> <span class='ocrx_word' id='word_1_352' title='bbox 935 4912 1032 4977; x_wconf 88' lang='lat' dir='ltr'>edita.</span> <span class='ocrx_word' id='word_1_353' title='bbox 1065 4912 1162 4975; x_wconf 85' lang='lat' dir='ltr'>Decr.</span> <span class='ocrx_word' id='word_1_354' title='bbox 1224 4911 1322 4974; x_wconf 72' lang='lat' dir='ltr'>annbe</span> <span class='ocrx_word' id='word_1_355' title='bbox 1339 4933 1396 4993; x_wconf 91' lang='lat' dir='ltr'>par</span> <span class='ocrx_word' id='word_1_356' title='bbox 1412 4910 1645 4977; x_wconf 85' lang='lat' dir='ltr'>l’intercession</span> <span class='ocrx_word' id='word_1_357' title='bbox 1668 4919 1714 4981; x_wconf 92' lang='lat' dir='ltr'>de</span> <span class='ocrx_word' id='word_1_358' title='bbox 1730 4918 1901 4987; x_wconf 85' lang='lat' dir='ltr'>l’illustris·</span> 
     </span>
     <span class='ocr_line' id='line_1_39' title="bbox 510 5019 1899 5101; baseline 0.006 -20"><span class='ocrx_word' id='word_1_359' title='bbox 510 5027 550 5083; x_wconf 91' lang='grc'><strong><em>26</em></strong></span> <span class='ocrx_word' id='word_1_360' title='bbox 572 5026 649 5101; x_wconf 76' lang='lat' dir='ltr'>sepi.</span> <span class='ocrx_word' id='word_1_361' title='bbox 674 5025 764 5084; x_wconf 81' lang='lat'>1680.</span> <span class='ocrx_word' id='word_1_362' title='bbox 1223 5020 1302 5081; x_wconf 72' lang='lat' dir='ltr'>sinte</span> <span class='ocrx_word' id='word_1_363' title='bbox 1332 5019 1480 5100; x_wconf 85' lang='lat' dir='ltr'>seigneur</span> <span class='ocrx_word' id='word_1_364' title='bbox 1507 5022 1586 5100; x_wconf 91' lang='lat' dir='ltr'>Jean</span> <span class='ocrx_word' id='word_1_365' title='bbox 1614 5021 1770 5095; x_wconf 85' lang='lat' dir='ltr'>Soanen.</span> <span class='ocrx_word' id='word_1_366' title='bbox 1805 5031 1899 5094; x_wconf 77' lang='lat' dir='ltr'>Dect.</span> 
     </span>
    </p>

    <p class='ocr_par' dir='ltr' id='par_1_10' title="bbox 509 5126 1903 5326">
     <span class='ocr_line' id='line_1_40' title="bbox 556 5126 1826 5217; baseline 0.007 -29"><span class='ocrx_word' id='word_1_367' title='bbox 556 5163 598 5173; x_wconf 92' lang='lat'><em>-</em></span> <span class='ocrx_word' id='word_1_368' title='bbox 622 5127 777 5189; x_wconf 88' lang='lat' dir='ltr'>lohannes</span> <span class='ocrx_word' id='word_1_369' title='bbox 809 5129 981 5209; x_wconf 89' lang='lat' dir='ltr'>Launoyus</span> <span class='ocrx_word' id='word_1_370' title='bbox 1012 5127 1102 5191; x_wconf 89' lang='lat' dir='ltr'>testis</span> <span class='ocrx_word' id='word_1_371' title='bbox 1133 5140 1164 5188; x_wconf 90' lang='lat' dir='ltr'>et</span> <span class='ocrx_word' id='word_1_372' title='bbox 1223 5126 1258 5191; x_wconf 87' lang='lat' dir='ltr'>S.</span> <span class='ocrx_word' id='word_1_373' title='bbox 1288 5127 1350 5208; x_wconf 81' lang='lat' dir='ltr'>Off.</span> <span class='ocrx_word' id='word_1_374' title='bbox 1367 5127 1438 5207; x_wconf 89' lang='lat' dir='ltr'>ser.</span> <span class='ocrx_word' id='word_1_375' title='bbox 1473 5127 1509 5191; x_wconf 91' lang='lat' dir='ltr'>V.</span> <span class='ocrx_word' id='word_1_376' title='bbox 1533 5145 1581 5206; x_wconf 83' lang='lat'>15</span> <span class='ocrx_word' id='word_1_377' title='bbox 1596 5127 1697 5208; x_wconf 82' lang='lat' dir='ltr'>sebr.</span> <span class='ocrx_word' id='word_1_378' title='bbox 1724 5153 1826 5217; x_wconf 70' lang='lat'><em>1742.</em></span> 
     </span>
     <span class='ocr_line' id='line_1_41' title="bbox 509 5233 1903 5326; baseline 0.001 -26"><span class='ocrx_word' id='word_1_379' title='bbox 509 5237 672 5300; x_wconf 74' lang='lat' dir='ltr'>consessor</span> <span class='ocrx_word' id='word_1_380' title='bbox 694 5235 836 5298; x_wconf 85' lang='lat' dir='ltr'>veritatis</span> <span class='ocrx_word' id='word_1_381' title='bbox 859 5234 1165 5315; x_wconf 80' lang='lat' dir='ltr'>evangelicocatho</span> <span class='ocrx_word' id='word_1_382' title='bbox 1268 5233 1447 5302; x_wconf 85' lang='lat' dir='ltr'>Relation</span> <span class='ocrx_word' id='word_1_383' title='bbox 1494 5235 1532 5298; x_wconf 76' lang='lat' dir='ltr'>oi</span> <span class='ocrx_word' id='word_1_384' title='bbox 1572 5235 1631 5300; x_wconf 91' lang='lat' dir='ltr'>the</span> <span class='ocrx_word' id='word_1_385' title='bbox 1683 5245 1903 5326; x_wconf 67' lang='lat' dir='ltr'>proceedings</span> 
     </span>
    </p>
   </div>
   <div class='ocr_carea' id='block_1_3' title="bbox 0 0 2164 6532">
    <p class='ocr_par' dir='ltr' id='par_1_11' title="bbox 0 0 2164 6532">
     <span class='ocr_line' id='line_1_42' title="bbox 0 0 2164 6532; baseline 0 0"><span class='ocrx_word' id='word_1_386' title='bbox 0 0 2164 6532; x_wconf 95' lang='lat' dir='ltr'> </span> 
     </span>
    </p>
   </div>
  </div>
 </body>
</html>
