4309 6534
470 824 519 876 194
1063 800 1123 854 Lln
1144 828 1155 839 -
1174 798 1232 853 Llo

474 888 1827 920 -.-.---—---—-——-——--—·--

507 1021 739 1097 Llndeborn,
775 1019 919 1079 loannes.
956 1035 985 1076 v.
1022 1013 1048 1073 F
1057 1011 1119 1074 lo-

463 1127 569 1191 sculi
593 1124 775 1188 selectiores
795 1143 812 1184 e
837 1129 855 1155 “
872 1120 957 1183 scala
975 1119 1069 1180 Iacob
1088 1114 1118 1181 '’.

507 1234 685 1312 LinkenS,
709 1207 876 1294 Hetiricus.
889 1230 1056 1292 Tractatus
1080 1227 1121 1286 de

465 1343 532 1404 iure
554 1340 736 1421 episcopali.
762 1339 858 1401 Decr.
882 1356 921 1413 13
948 1338 1005 1398 iul.
1029 1351 1119 1414 1711.

508 1484 552 1498 -
575 1450 743 1510 Tractatus
770 1447 810 1508 de
841 1445 961 1506 iuribus
990 1441 1121 1521 templo·

466 1579 536 1620 rum
566 1577 639 1618 cum
671 1556 816 1617 discursu
846 1549 1058 1633 praeliminari
1083 1549 1123 1609 de

466 1666 543 1728 iuris
565 1663 707 1727 canonici
723 1661 848 1740 origine
869 1674 901 1721 et
923 1656 1121 1721 auctoritate.

466 1774 563 1837 Decr.
588 1791 627 1848 13
650 1772 707 1834 iul.
732 1787 821 1849 1711.

509 1877 678 1960 Lipsius,
711 1880 824 1940 Iustus.
856 1873 1026 1936 Orationes
1049 1883 1123 1933 octo

467 1988 559 2048 lenae
586 1984 787 2063 potissimum
811 1982 938 2044 habitae
953 2000 971 2041 e
987 1978 1124 2042 tenebris

465 2107 575 2157 erutae
589 2105 621 2154 et
638 2092 671 2153 in
685 2091 821 2169 gratiam
841 2088 1005 2151 studiosae
1021 2087 1124 2149 iuven·

468 2202 545 2263 tutis
568 2200 654 2262 foras
678 2200 864 2279 productae.
888 2197 986 2259 Decr.
1002 2212 1042 2255 21
1062 2195 1124 2256 dec.

469 2314 558 2385 1613.

512 2450 556 2464 -
579 2412 795 2493 Epistolarum
809 2415 908 2492 (quae
928 2411 960 2473 in
974 2408 1125 2472 centuriis

469 2542 532 2584 non
563 2522 686 2598 extant)
723 2518 861 2579 decades
888 2532 982 2589 xux,
1008 2514 1124 2593 quibus

468 2627 624 2690 accedunt
651 2622 810 2703 poematia
835 2621 995 2694 eiusdem;
1020 2618 1126 2682 omnia

469 2752 552 2793 nunc
586 2729 709 2792 noviter
747 2726 877 2789 collecta
911 2725 1126 2805 evulgataque

468 2835 577 2900 studio
599 2849 632 2896 et
655 2853 752 2913 opera
779 2833 949 2893 doctorum
972 2830 1123 2893 virorum.

469 2942 567 3005 Decr.
591 2959 631 3020 17
655 2942 722 3003 iun.
748 2943 842 3007 1626:
865 2956 906 3015 ²4
930 2938 987 3000 iul.
1013 2941 1103 2998 1626.

513 3043 770 3127 LipstorpiuS‚
807 3042 929 3106 Daniel.
962 3040 1126 3103 Formatio

470 3165 501 3215 et
516 3150 657 3214 exclusio
674 3148 840 3210 infrunitae
856 3146 1057 3209 monarchiae
1074 3166 1126 3224 pa-

470 3258 561 3339 palis,
586 3256 751 3337 publicata
774 3254 869 3317 simul
892 3253 976 3315 mala
997 3251 1145 3314 Batonii'

470 3366 534 3428 fide
554 3376 586 3426 et
602 3362 772 3425 vindicatis
797 3364 838 3424 ab
861 3381 898 3422 ea
922 3359 1044 3422 iuribus
1060 3378 1127 3420 cae·

469 3472 607 3535 sareiset
622 3490 819 3532 summarum
835 3480 1029 3549 potestatum
1044 3466 1127 3529 circa

469 3601 573 3643 sacra.
602 3579 700 3642 Decr.
725 3581 765 3638 28
786 3582 864 3658 sept.
888 3581 978 3638 1661.

515 3685 619 3752 Liste
643 3681 828 3764 (premiere)
852 3684 908 3744 des
939 3680 1127 3755 chanoines,

472 3812 573 3867 curez,
599 3793 747 3853 docteurs
762 3803 793 3851 et
812 3787 1065 3867 ecclesiastiques
1082 3783 1130 3847 se-

471 3898 584 3961 culiers
607 3912 639 3958 et
654 3895 807 3975 reguliers
831 3896 870 3955 de
894 3890 1040 3954 diflerens
1064 3892 1130 3953 dio·

472 4004 558 4068 ceses
583 4005 623 4065 de
645 4000 767 4080 1’eglise
789 4002 829 4062 de
849 4000 977 4075 France‚
996 3999 1050 4078 qui
1073 4014 1130 4063 ont

473 4108 598 4174 declare
632 4128 690 4189 par
725 4108 781 4168 des
816 4119 901 4169 actes
935 4125 1074 4185 envoyez
1111 4105 1130 4169 h

473 4215 695 4294 nosseigneurs
718 4213 763 4273 les
789 4209 926 4291 &viques
949 4210 1128 4291 appellans,

472 4321 568 4406 qu'ils
602 4321 772 4402 persistent
809 4320 888 4380 dans
925 4318 992 4380 leur
1025 4320 1128 4400 appel.

474 4432 572 4495 Decr.
596 4447 642 4506 15
668 4431 732 4491 ian.
761 4444 858 4506 1725,

517 4538 621 4604 Liste
645 4538 701 4598 des
725 4535 905 4610 chanoines,
930 4555 1032 4611 curez,
1057 4537 1130 4599 doc·

473 4658 559 4708 teurs
582 4657 614 4705 et
637 4641 892 4723 ecclesiastiques
919 4640 1068 4705 seculiers
1099 4656 1131 4706 et

475 4749 628 4830 reguliers
651 4751 691 4811 de
714 4750 744 4812 la
772 4749 845 4811 ville
874 4763 906 4812 et
937 4751 980 4811 du
1004 4747 1131 4813 diocese

475 4859 515 4920 de
540 4856 636 4931 PariS,
662 4856 717 4938 qui
749 4870 805 4918 ont
836 4853 962 4918 nectare
994 4877 1050 4936 par
1074 4859 1131 4918 des

474 4980 560 5028 actes
594 4984 733 5044 envoyez
772 4961 791 5024 a
829 4963 1051 5041 nosseigneurs
1086 4964 1130 5026 les

475 5068 611 5150 eveques
642 5069 820 5149 appellans,
846 5067 938 5149 qu'ils
962 5068 1131 5148 persistent

476 5178 556 5239 dans
579 5178 646 5238 leur
662 5176 763 5256 appel.
782 5178 877 5241 Dect.
891 5194 937 5254 15
952 5179 1017 5242 ian.
1033 5195 1129 5258 1725.

1221 1008 1403 1091 Listonal,
1427 1012 1468 1073 de
1488 1003 1764 1095 [pseudonymus]
1768 1056 1778 1071 .
1796 1008 1845 1070 Le

1180 1139 1343 1200 voyageur
1366 1119 1556 1199 philosophe
1586 1119 1666 1180 dans
1689 1139 1735 1181 un
1758 1138 1846 1198 pays

1180 1228 1315 1289 inconnu
1348 1248 1411 1289 aux
1441 1227 1587 1290 habitans
1619 1227 1660 1289 de
1689 1226 1722 1288 la
1745 1238 1845 1290 terre.

1180 1335 1277 1399 Decr.
1318 1354 1357 1415 17
1394 1339 1461 1399 nrt.
1502 1340 1589 1414 1763.
1629 1355 1659 1399 v.
1703 1332 1846 1396 Ville-

1182 1444 1401 1517 neuve‚de

1225 1549 1386 1629 Litsich,
1410 1549 1555 1613 Michael.
1579 1547 1785 1611 Declamatio
1809 1548 1846 1610 li·

1182 1656 1255 1719 belli
1279 1657 1403 1737 repudii
1427 1657 1527 1720 vicem
1551 1656 1725 1719 hodiernae
1748 1655 1848 1718 iesui·

1182 1763 1437 1843 tic0·pontiliciae
1459 1762 1608 1827 ecclesiae
1636 1764 1721 1827 data.
1739 1762 1846 1827 Decr.

1182 1875 1300 1951 osept.
1325 1877 1414 1948 1694.

1226 1979 1338 2058 utta,
1363 1978 1467 2057 Luigi.
1492 1978 1583 2041 Della
1610 1979 1848 2044 sacramentale

1182 2088 1380 2150 assoluzione
1403 2083 1525 2149 ne’casi
1548 2084 1702 2159 riservati‚
1728 2086 1848 2149 lettera

1182 2191 1386 2257 all’anonimo
1409 2204 1520 2255 autore
1547 2190 1599 2253 del
1627 2190 1710 2253 libro
1735 2190 1849 2255 intito·

1182 2299 1256 2362 lato:
1271 2300 1316 2362 Le
1327 2311 1427 2361 storte
1440 2298 1510 2360 idee
1523 2296 1731 2361 raddrizzate.
1742 2296 1848 2363 Decr.

1185 2423 1210 2481 5
1225 2405 1317 2483 seor,
1342 2422 1430 2484 1790.

1227 2512 1393 2579 Litterae
1417 2512 1523 2575 Roma
1546 2514 1639 2576 datae
1665 2512 1708 2575 ad
1732 2513 1850 2576 docto·

1185 2639 1251 2681 rem
1280 2619 1494 2682 lovaniensem
1526 2619 1609 2683 circa
1640 2640 1759 2682 novum
1795 2622 1851 2683 de·

1184 2737 1304 2788 cretum
1335 2738 1367 2788 et
1399 2726 1494 2788 breve
1521 2746 1545 2791 s.
1570 2727 1601 2791 d.
1626 2748 1656 2790 n.
1688 2727 1848 2789 Innocen-

1184 2833 1219 2894 tii
1243 2834 1309 2895 Xll
1332 2834 1373 2895 ad
1396 2832 1564 2913 episcopos
1591 2833 1695 2913 Belgii
1720 2834 1760 2895 de
1785 2835 1850 2896 sor·

1185 2939 1298 3001 mulari
1319 2952 1429 3001 contra
1446 2940 1632 3016 lansenium,
1649 2953 1682 3002 et
1697 2938 1849 3019 theologi

1185 3046 1393 3108 Lovaniensis
1405 3048 1446 3108 ad
1464 3045 1533 3108 illas
1549 3046 1723 3125 responsio.
1737 3046 1849 3109 Roma

1189 3169 1226 3226 13
1246 3154 1322 3216 febr.
1345 3158 1437 3230 1694.
1455 3153 1553 3216 Dccr.
1571 3153 1604 3216 S.
1627 3152 1689 3232 Off.
1706 3170 1747 3230 19
1763 3155 1854 3215 maii

1186 3263 1274 3338 1694.
1299 3280 1328 3322 v.
1346 3261 1491 3321 Lettre
1513 3257 1610 3321 ecrite
1633 3260 1673 3321 de
1697 3261 1805 3323 Rome
1828 3261 1848 3325 a

1185 3386 1227 3427 un
1251 3365 1386 3428 docteur
1410 3365 1450 3426 de
1474 3365 1628 3430 Louvain.
1852 3438 1856 3445 ι

1230 3473 1375 3541 Livello
1403 3471 1472 3552 (il)
1506 3472 1653 3552 politico,
1688 3467 1781 3535 osia
1818 3474 1850 3537 la

1187 3580 1293 3658 giusta
1325 3577 1476 3653 bilancia,
1506 3578 1585 3641 nella
1617 3579 1709 3659 quale
1739 3580 1766 3641 si
1795 3601 1850 3661 pe·

1188 3706 1265 3748 sano
1289 3697 1370 3747 tutte
1394 3685 1422 3746 le
1445 3685 1594 3748 massime
1617 3685 1650 3747 di
1674 3687 1780 3749 Roma
1805 3688 1848 3749 ed

1188 3791 1299 3854 attioni
1331 3789 1381 3852 de'
1398 3791 1551 3854 cardinali
1585 3791 1713 3855 viventi.
1745 3790 1848 3858 Dect.

1188 3917 1228 3976 27
1250 3903 1327 3977 sept.
1352 3903 1440 3978 1678.
1465 3917 1493 3962 v.
1519 3898 1627 3974 Leti,
1652 3897 1825 3976 Gregorio

1232 4003 1344 4069 lere
1359 4004 1418 4083 (le)
1439 4006 1494 4066 des
1510 4003 1698 4078 manifestes,
1715 4001 1756 4066 oh
1780 4003 1851 4069 l’on

1189 4123 1301 4173 trouve
1331 4108 1506 4189 developpe
1536 4131 1592 4190 par
1622 4111 1668 4172 les
1698 4108 1850 4176 lumieres

1190 4216 1281 4277 dela
1306 4215 1411 4277 raison
1437 4228 1469 4277 et
1499 4216 1556 4277 des
1587 4215 1709 4277 divines
1732 4213 1851 4280 ecritu·

1193 4342 1258 4383 res:
1290 4340 1315 4384 1.
1341 4321 1460 4401 quelles
1492 4333 1563 4386 sont
1596 4320 1642 4382 les
1676 4320 1850 4386 veritables

1189 4447 1299 4490 causes
1330 4428 1371 4488 de
1405 4425 1495 4488 ndtre
1525 4425 1693 4489 etonnante
1724 4425 1851 4491 revolu-

1190 4536 1269 4610 tion;
1297 4555 1325 4598 2.
1351 4533 1454 4615 quelle
1485 4534 1554 4597 doit
1576 4554 1615 4595 en
1638 4532 1704 4595 etre
1727 4531 1850 4601 l’issue.

1189 4643 1287 4705 Decr.
1320 4661 1338 4717 9
1369 4643 1429 4706 dec.
1462 4647 1551 4707 1806.
1582 4663 1610 4705 v.
1642 4638 1775 4703 Chaix
1800 4643 1852 4706 de

1190 4750 1436 4825 Sourcesol‚
1461 4747 1652 4811 Guillaume.

1233 4857 1417 4936 florente,
1441 4858 1523 4937 Juan
1551 4855 1702 4919 Antonio.
1728 4854 1852 4934 Apolo-

1188 4960 1243 5043 gia
1267 4960 1400 5026 catdlica
1424 4965 1475 5027 del
1499 4978 1650 5046 proyecto
1668 4965 1708 5025 de
1732 4964 1852 5026 consti-

1190 5070 1298 5134 tucion
1314 5072 1472 5150 religiosa,
1489 5072 1606 5133 escrito
1622 5091 1681 5151 por
1701 5092 1744 5133 un
1766 5092 1854 5134 ame·

1190 5178 1307 5243 ricano.
1332 5179 1428 5242 Decr.
1452 5185 1492 5242 26
1515 5199 1593 5258 areg.
1617 5184 1707 5243 1822.
