4309 6534
895 826 1015 876 Luoms
1035 829 1151 875 Pam
1170 827 1241 874 xm.

928 1226 1136 1296 TITVLVS
1167 1227 1211 1295 u

834 1431 883 1486 DE
902 1430 1077 1487 CENSVRA
1097 1428 1300 1486 LIBRORVM.

968 1690 1125 1755 CAPVT
1146 1688 1170 1753 Ι.

613 1910 661 1955 DE
681 1908 873 1955 PRAELATIS
893 1907 1067 1954 LlBltoltvu
1088 1906 1272 1953 CENSVRAE
1293 1904 1517 1951 PRAEPOSITIS.

471 2105 521 2170 30.
550 2105 662 2170 Penes
691 2124 780 2189 quos
809 2114 966 2189 potestas
995 2105 1040 2171 sit
1075 2122 1258 2171 sacrorum
1291 2105 1475 2170 bibliorum
1509 2103 1678 2169 editiones
1711 2111 1747 2167 et

391 2244 574 2308 versiones
603 2244 797 2327 adprobare
821 2245 879 2309 vel
902 2244 1105 2326 permittere
1129 2261 1174 2307 ex
1198 2242 1241 2307 iis
1261 2242 1384 2324 liquet,
1410 2259 1500 2324 quae
1523 2258 1629 2323 supra
1653 2241 1696 2321 (n.
1717 2241 1749 2319 7)

391 2387 525 2444 statuta
545 2390 635 2445 sunt.

471 2518 521 2581 31.
542 2517 666 2582 Libros
686 2520 731 2582 ab
761 2519 952 2601 apostolica
979 2519 1070 2584 Sede
1097 2517 1310 2601 proscriptos
1336 2534 1441 2581 nemo
1468 2514 1596 2578 audeat
1619 2513 1747 2577 iterum

391 2650 428 2713 in
449 2650 565 2714 lucem
597 2653 717 2733 ederc;
748 2654 841 2735 quod
872 2654 902 2717 si
933 2672 978 2718 ex
1008 2654 1111 2738 gravi
1138 2662 1174 2717 et
1201 2652 1396 2717 rationabili
1416 2668 1539 2730 causa,
1561 2646 1748 2731 singularis

391 2784 510 2865 aliqua
531 2786 690 2868 exceptio
710 2788 777 2851 bac
797 2787 833 2852 in
854 2807 892 2852 re
913 2788 1130 2853 admittenda
1144 2789 1313 2869 videatur,
1327 2787 1363 2851 id
1382 2803 1573 2868 numquam
1592 2785 1661 2864 liet,
1682 2782 1749 2847 nisi

391 2919 535 2983 obtenta
555 2919 651 3001 prius
670 2938 793 2985 sacrae
813 2921 939 2986 Indicis
959 2920 1250 3005 Congregationis
1263 2920 1411 3001 licentia,
1432 2919 1650 3001 servatisque
1671 2935 1749 2982 con·

391 3054 580 3118 ditionibus
600 3056 646 3118 ab
665 3074 708 3120 ea
728 3056 960 3139 praescriptis

471 3187 521 3250 32.
543 3186 641 3266 Quae
661 3188 706 3251 ad
727 3206 853 3253 causas
876 3189 1171 3254 beatificationum
1192 3197 1227 3253 et
1243 3186 1543 3253 canonizationum
1564 3202 1748 3251 servorum

391 3320 458 3385 Dei
478 3332 668 3406 utcumque
698 3324 888 3406 pertinent,
913 3327 1046 3406 absque
1073 3323 1291 3404 beneplacito
1319 3321 1611 3405 Congregationis
1638 3320 1749 3385 sacris

391 3458 516 3522 ritibus
536 3459 675 3524 tuendis
694 3460 913 3543 praepositae
932 3459 1103 3543 publicari
1123 3466 1310 3541 nequeunt.

472 3595 523 3659 33.
544 3594 640 3659 Idem
660 3595 847 3660 dicendum
871 3596 916 3659 de
940 3594 1203 3659 collectionibus
1217 3595 1439 3658 decretorum
1456 3592 1674 3675 singularum
1697 3608 1751 3657 ro·

393 3744 578 3792 manarum
598 3726 932 3811 Congregationum:
960 3728 1028 3791 bae
1047 3727 1211 3791 nimirum
1232 3725 1457 3790 collectiones
1481 3724 1537 3788 edi
1563 3734 1747 3807 nequeant,

393 3864 460 3927 nisi
479 3864 622 3928 obtenta
642 3863 738 3945 prius
758 3862 906 3942 licentia,
928 3872 963 3927 et
983 3863 1132 3926 servatis
1156 3860 1411 3926 conditionibus
1430 3878 1452 3924 a
1472 3859 1750 3924 moderatoribus

393 3996 665 4079 uniuscuiusque
688 3997 980 4081 Congregationis
1002 3997 1235 4080 praescriptis.

474 4132 525 4195 34.
546 4130 678 4195 Vicarii
691 4140 726 4195 et
741 4130 948 4195 missionarii
961 4131 1143 4213 apostolici
1160 4131 1302 4195 decreta
1322 4148 1444 4194 sacrae
1459 4129 1750 4213 Congregationis

393 4267 641 4350 propagandae
661 4266 742 4331 fidei
762 4267 981 4349 praepositae
1001 4267 1045 4331 de
1065 4267 1163 4333 libris
1183 4267 1327 4333 edendis
1340 4266 1489 4330 fideliter
1506 4274 1658 4330 servent.

474 4403 525 4467 35.
545 4402 761 4484 Approbatio
788 4402 972 4483 librorum,
1001 4420 1151 4485 quorum
1179 4420 1327 4467 censura
1358 4400 1593 4484 praesentium
1620 4398 1749 4464 Decre-

396 4548 514 4603 torum
534 4536 571 4601 vi
590 4537 803 4620 apostolicae
823 4537 905 4603 Sedi
925 4539 983 4602 vel
1005 4538 1161 4603 romanis
1183 4537 1523 4620 Congregationibus
1549 4554 1620 4601 non
1641 4554 1752 4601 reser-

395 4681 509 4752 vatur,
529 4671 679 4752 pertinet
699 4672 745 4735 ad
765 4670 987 4736 Ordinarium
1008 4672 1076 4737 loci
1096 4673 1132 4737 in
1153 4690 1222 4755 quo
1246 4672 1374 4755 publici
1394 4671 1479 4735 iuris
1499 4671 1596 4735 fiunt.

476 4805 526 4869 36
545 4802 752 4886 Regulares,
773 4813 915 4886 praeter
933 4805 1087 4887 episcopi
1106 4804 1296 4884 licentiam,
1317 4804 1537 4869 meminerint
1557 4804 1669 4869 teneri
1696 4823 1748 4886 se,

396 4939 488 5004 sacri
506 4938 644 5003 concilii
663 4938 841 5004 tridentini
860 4939 1022 5019 decreto,
1054 4940 1169 5021 operis
1195 4939 1232 5003 in
1258 4940 1374 5003 lucem
1399 4938 1524 5003 edendi
1548 4939 1750 5004 facultatem

397 5098 419 5144 a
436 5081 604 5162 praelato,
625 5080 682 5143 cui
701 5079 890 5159 subiacent,
912 5079 1077 5144 obtinere.
1099 5080 1255 5162 Utraque
1276 5089 1394 5144 autem
1416 5080 1595 5145 concessio
1613 5079 1649 5144 in
1663 5080 1752 5162 prin·

398 5214 487 5296 cipio
506 5215 566 5278 vel
585 5213 622 5278 in
641 5213 711 5278 fine
731 5213 845 5295 operis
864 5212 1094 5295 imprimatur.
