4309 6534
963 811 1175 859 PRAEFATIO.
1673 810 1736 859 XIX

395 1019 504 1117 cipue
539 1021 671 1096 accidit
706 1022 742 1094 in
779 1022 904 1096 verbis
935 1022 1199 1121 geographicis
1226 1037 1266 1096 et
1293 1021 1503 1096 nominibus
1529 1065 1556 1075 -
1583 1036 1671 1094 tunc
1697 1020 1735 1094 in

394 1161 678 1238 transcribendo
705 1162 813 1237 titulo
831 1163 902 1237 hoc
921 1162 1143 1238 vocabulum
1170 1165 1344 1239 omnibus
1371 1164 1451 1239 aliis
1479 1165 1736 1261 praepositum

395 1306 472 1382 fuit.
503 1306 687 1404 Exempla
714 1307 832 1382 habes
868 1309 940 1381 sub
976 1308 1119 1383 verbis:
1150 1305 1355 1382 Clementis
1381 1307 1484 1396 VIIl;
1515 1308 1734 1396 Hiberniae;

396 1452 557 1540 Romae;
589 1450 781 1526 Historiae
806 1450 1092 1526 ecclesiasticae.
1115 1450 1254 1525 Omnia
1279 1466 1406 1525 autem
1434 1476 1489 1538 ea,
1511 1475 1609 1547 quae
1628 1476 1735 1526 voca-

393 1594 523 1668 bulum
542 1597 612 1670 sub
631 1620 709 1693 quo
726 1594 820 1670 liber
837 1593 999 1680 affertur,
1021 1596 1057 1667 in
1077 1594 1186 1668 titulo
1205 1594 1446 1691 praecedunt,
1466 1594 1502 1668 in
1521 1594 1735 1690 parenthesi

395 1736 445 1811 illi
463 1740 746 1836 subiunguntur,
767 1763 826 1813 ex.
846 1763 903 1837 gr.
926 1737 1096 1836 Epistola
1114 1734 1183 1841 (H.
1203 1739 1249 1815 V.
1272 1739 1310 1813 P.
1330 1739 1380 1812 ad
1409 1735 1502 1811 3³⁹³*
1516 1739 1565 1813 de
1584 1737 1735 1837 nuperis

395 1883 559 1981 Angliae
585 1884 776 1982 motibus).

476 2024 637 2119 Quoties
668 2024 795 2123 plures
826 2025 908 2101 libri
943 2026 1116 2123 anonymi
1152 2029 1201 2102 ab
1237 2027 1371 2101 eodem
1407 2026 1590 2101 vocabulo
1626 2050 1736 2101 exor-

395 2169 557 2257 diuntur,
586 2169 609 2242 ii
637 2168 735 2243 inter
761 2194 803 2243 se
831 2170 882 2243 ita
909 2170 1068 2244 ordinati
1097 2185 1193 2256 sunt,
1223 2185 1266 2243 ut
1293 2170 1405 2244 etiam
1433 2170 1667 2244 substantiva
1698 2170 1734 2243 in

396 2312 505 2386 titulo
531 2314 700 2409 proxime
729 2313 924 2409 sequentia
951 2314 1082 2388 ordine
1110 2312 1344 2411 alphabetico
1372 2312 1668 2408 disponerentur,
1693 2329 1736 2387 ut

395 2457 523 2532 videre
550 2475 610 2533 est
638 2461 708 2534 sub
735 2460 853 2534 verbo
881 2461 1031 2556 saepius
1059 2458 1236 2555 repetito:
1261 2455 1531 2555 Apologie,
1564 2458 1600 2530 in
1628 2479 1735 2532 voca·

397 2601 493 2675 bulis
521 2626 619 2698 quae
647 2600 736 2675 illud
762 2603 918 2678 verbum
945 2604 981 2677 in
1009 2601 1125 2677 titulis
1152 2604 1202 2677 ab
1223 2627 1270 2676 eo
1290 2601 1547 2699 incipientibus
1565 2604 1736 2699 proxime

396 2761 607 2841 sequuntur
634 2742 824 2848 (casuiste,
849 2745 1012 2831 defense,
1035 2748 1180 2834 devots,
1202 2747 1406 2835 lansenius,
1421 2749 1649 2847 jugements,
1670 2747 1736 2822 let·

395 2905 484 2975 tres,
507 2888 677 2987 synode).
700 2889 739 2962 Si
758 2904 884 2962 autem
904 2890 992 2965 illud
1012 2891 1110 2964 idem
1133 2889 1356 2965 vocabulum
1375 2889 1515 2987 pluries
1533 2891 1734 2987 repetitum

395 3032 552 3106 diversis
584 3032 774 3106 adiectivis
803 3045 1058 3128 componatur,
1089 3033 1182 3106 haec
1208 3033 1390 3106 adiectiva
1416 3033 1513 3107 inter
1541 3058 1583 3105 se
1607 3026 1735 3128 'alpha-

394 3177 519 3250 betico
542 3174 671 3249 ordine
689 3175 938 3273 disponuntur
956 3171 1031 3277 (ex.
1051 3201 1108 3274 gr.
1131 3176 1359 3251 Examen:
1379 3176 1515 3259 critico,
1537 3174 1733 3272 impartial,

395 3315 626 3420 important).
656 3318 710 3391 Illi
736 3333 863 3392 autem
890 3317 982 3402 libri,
1012 3344 1173 3415 quorum
1206 3318 1300 3392 tituli
1334 3317 1524 3416 longiores
1552 3315 1610 3390 vel
1638 3341 1735 3391 corn·

395 3461 606 3560 plicatiores
634 3477 721 3535 sunt
740 3485 852 3557 quam
872 3460 936 3558 qui
954 3460 1067 3536 talem
1095 3460 1264 3535 ordinem
1292 3462 1500 3547 admittant,
1530 3459 1735 3534 secundum

393 3606 696 3704 chronologicum
725 3606 893 3681 ordinem
917 3606 1154 3681 decretorum
1182 3607 1318 3702 quibus
1346 3607 1494 3680 luerunt
1522 3605 1730 3703 proscripti,

396 3765 647 3826 recensentur.
665 3749 751 3824 Hoc
769 3750 968 3847 praecipue
987 3751 1228 3824 observatum
1243 3763 1304 3823 est
1317 3750 1353 3821 in
1367 3747 1509 3835 libellis,
1530 3747 1594 3843 qui
1613 3746 1734 3821 inseri·

395 3895 554 3969 buntur:
583 3894 756 3966 Lettre
793 3908 833 3966 et
869 3892 989 3965 Mem
1002 3891 1123 3966 nire.
1155 3890 1317 3966 Similem
1345 3890 1512 3965 ordinem
1532 3890 1736 3963 observare

394 4038 646 4111 existimatum
674 4050 734 4109 est
760 4036 796 4108 in
824 4035 867 4108 iis
899 4035 1012 4121 libris,
1042 4034 1079 4106 in
1107 4060 1267 4132 quorum
1296 4032 1411 4107 titulis
1439 4032 1612 4108 indicatio
1641 4048 1736 4107 tem·

395 4180 496 4277 poris
524 4179 761 4275 exprimitur,
791 4178 956 4252 velutin
985 4181 1028 4252 iis
1056 4178 1121 4276 qui
1148 4177 1417 4254 inscribuntur:
1447 4176 1615 4253 Arret.

475 4323 711 4419 Ubicumque
730 4321 779 4396 de
796 4348 887 4397 vero
911 4339 1065 4397 auctore
1084 4320 1236 4397 alicuius
1254 4323 1334 4397 libri
1354 4323 1432 4396 sive
1451 4323 1634 4418 anonymi,
1656 4321 1735 4396 sive

394 4467 641 4566 pseudonymi
668 4480 826 4550 constat,
856 4467 936 4541 eius
964 4491 1100 4541 nomen
1129 4483 1217 4562 post
1249 4466 1439 4539 decretum
1478 4464 1736 4562 prohibitionis

393 4612 601 4686 subnexum
621 4612 796 4707 reperies,
818 4624 934 4707 atque
961 4612 1059 4684 idem
1088 4610 1123 4684 in
1152 4610 1282 4684 ordine
1305 4608 1539 4706 alphabetico
1563 4633 1633 4681 suo
1651 4605 1735 4681 loco

396 4753 607 4851 repetitum,
628 4768 667 4827 et
686 4753 838 4849 quidem
858 4753 960 4826 uncis
978 4753 1172 4840 inclusum,
1196 4778 1272 4848 quo
1293 4754 1485 4839 indicetur,
1507 4752 1578 4825 hoc
1598 4775 1735 4825 nornen

392 4923 466 4972 non
500 4896 575 4997 legi
603 4897 640 4971 in
668 4898 750 4993 ipso
782 4896 901 4972 titulo.
932 4896 995 4969 nd
1022 4895 1114 4970 illud
1147 4920 1282 4970 nomen
1318 4897 1438 4971 lector
1470 4895 1630 4970 refertur
1666 4919 1734 4991 per

392 5040 554 5116 litteram
581 5068 614 5116 v.
636 5042 688 5139 (=
704 5041 816 5138 vide).
839 5038 986 5132 Quodsi
1012 5038 1107 5115 liber
1124 5040 1205 5136 ipse
1222 5039 1350 5138 lingua
1367 5039 1482 5113 latina
1500 5038 1736 5135 conscriptus

394 5202 464 5275 est,
492 5185 607 5261 etiam
634 5209 771 5260 nomeu
797 5184 961 5260 auctoris
988 5184 1025 5258 in
1051 5183 1172 5259 forma
1198 5183 1312 5258 latina
1338 5183 1539 5258 indicatum
1571 5198 1647 5271 est,
1676 5181 1735 5256 sin
