4309 6534
901 827 1021 873 Leonis
1041 828 1157 875 aaran
1178 829 1248 875 xm.
1733 818 1755 879 5

398 1035 576 1117 librorum,
591 1055 613 1100 a
626 1052 775 1120 quorum
796 1053 862 1101 usu
883 1054 1010 1102 cavere
1030 1038 1152 1102 fideles
1172 1047 1358 1120 oporteret.
1379 1037 1458 1101 Non
1477 1037 1527 1101 ita
1551 1039 1662 1102 multo
1675 1045 1754 1120 post

397 1174 608 1239 tridentinae
627 1174 753 1256 synodi
772 1176 895 1241 Patres
915 1176 1121 1260 gliscentem
1142 1175 1316 1240 scribendi
1345 1174 1554 1259 legendique
1578 1172 1753 1238 licentiam

397 1324 492 1373 novo
512 1311 657 1374 consilio
678 1311 908 1376 coercendam
929 1320 1152 1376 curaverunt.
1180 1310 1310 1375 Eorum
1331 1311 1457 1394 quippe
1483 1310 1666 1375 voluntate
1685 1308 1754 1372 ius·

398 1463 508 1528 suque
528 1446 611 1510 lecti
630 1447 676 1510 ad
696 1446 732 1510 id
752 1449 932 1529 praesules
946 1457 981 1511 et
995 1447 1151 1530 theologi
1171 1464 1241 1512 non
1262 1447 1376 1511 solum
1389 1447 1552 1530 augendo
1565 1444 1755 1528 perpolien-

398 1583 512 1667 doque
533 1583 650 1664 Indici,
672 1602 776 1667 quem
797 1584 926 1648 Paulus
947 1584 997 1647 IV
1018 1584 1183 1665 ediderat,
1205 1585 1334 1648 dedere
1355 1600 1506 1664 operam,
1529 1582 1591 1647 sed
1612 1583 1754 1665 regulas

398 1720 504 1787 etiam
525 1725 772 1808 conscripsere,
793 1725 830 1789 in
850 1726 1009 1807 editione,
1029 1725 1187 1805 lectione,
1202 1742 1338 1807 usuque
1358 1724 1526 1788 librorum
1547 1721 1752 1800 servandas,

397 1860 522 1941 quibus
542 1864 674 1945 regulis
693 1863 775 1928 Pius
796 1863 847 1928 IV
866 1864 1079 1946 apostolicae
1099 1865 1317 1929 auctoritatis
1337 1864 1444 1929 robur
1463 1861 1600 1926 adiecit.

477 1994 612 2061 Vemm
632 1998 755 2064 salutis
775 2000 934 2082 publicae
954 1999 1052 2081 ratio,
1074 2018 1164 2082 quae
1185 2001 1326 2082 regulas
1346 1997 1553 2063 tridentinus
1576 1995 1673 2059 initio
1698 2011 1753 2076 ge

396 2143 530 2212 nuerat,
552 2135 675 2198 novari
695 2135 824 2218 aliquid
838 2135 874 2201 in
889 2136 948 2216 eis,
963 2135 1158 2200 labentibus
1172 2135 1352 2215 aetatibus
1368 2134 1491 2198 eadem
1504 2130 1613 2196 iussit.
1629 2130 1753 2211 Quam·

396 2268 518 2331 obrem
531 2269 667 2333 romani
680 2270 873 2352 Pontifices,
888 2269 1161 2353 nominatimque
1175 2269 1338 2335 Clemens
1354 2268 1444 2348 VIII,
1461 2266 1662 2331 Alexander
1676 2263 1751 2344 VII,

396 2399 607 2466 Benedictus
637 2402 738 2485 XIV,
770 2404 871 2487 gnari
901 2414 1099 2486 temporum
1130 2413 1165 2468 et
1195 2421 1369 2468 memores
1398 2400 1618 2485 prudentiae,
1650 2400 1752 2482 plura

396 2539 599 2622 decrevere,
621 2560 711 2623 quae
731 2543 776 2606 ad
798 2561 859 2607 eas
883 2543 1108 2625 explicandas
1134 2550 1239 2626 atque
1266 2539 1582 2605 accommodandas
1602 2535 1751 2619 tempori

396 2674 593 2739 valuerunt.

476 2810 574 2891 Quae
587 2829 645 2875 res
658 2813 839 2894 praeclare
852 2813 1068 2893 confirmant,
1084 2811 1290 2895 praecipuas
1307 2828 1531 2877 romanorum
1545 2808 1751 2874 Pontificum

396 2963 500 3010 curas
519 2946 556 3010 in
576 2966 618 3011 eo
639 2947 745 3012 sitisse
765 2957 933 3030 perpetuo
953 2948 1093 3030 positas,
1114 2957 1154 3012 ut
1174 2947 1375 3029 opinionum
1396 2964 1532 3010 errores
1547 2961 1751 3026 morumque

395 3084 639 3164 corruptelam,
662 3084 837 3167 geminam
851 3086 942 3149 hanc
956 3085 1138 3150 civitatum
1159 3086 1274 3150 labem
1294 3103 1337 3149 ac
1358 3083 1503 3163 ruinam,
1522 3081 1641 3164 pravis
1654 3079 1751 3144 libris

395 3214 493 3298 gigni
512 3236 555 3281 ac
576 3218 794 3283 disseminari
814 3218 961 3300 solitam,
976 3239 998 3284 a
1012 3219 1106 3284 civili
1126 3220 1306 3285 hominum
1327 3219 1493 3283 societate
1514 3215 1750 3281 defenderent.

395 3346 516 3432 Neque
538 3352 672 3417 fructus
702 3353 821 3418 fefellit
849 3372 1008 3437 operam,
1036 3355 1201 3438 quamdiu
1229 3356 1265 3419 in
1296 3355 1400 3419 rebus
1427 3351 1574 3436 publicis
1607 3347 1751 3415 admini-

395 3484 547 3549 strandis
567 3486 693 3551 rationi
712 3486 906 3569 imperandi
926 3509 968 3554 ac
989 3491 1193 3572 prohibendi
1213 3493 1272 3555 lex
1292 3499 1435 3554 aeterna
1456 3488 1618 3571 praefuit,
1639 3494 1751 3549 recto

395 3635 521 3701 resque
541 3618 723 3684 civitatum
743 3639 824 3686 cum
845 3632 1018 3704 potestate
1039 3643 1140 3689 sacra
1160 3626 1196 3689 in
1217 3643 1326 3689 unum
1347 3640 1564 3687 consensere.

475 3752 573 3832 Quae
593 3762 715 3836 postea
736 3765 924 3820 consecuta
938 3765 1027 3836 sunt,
1042 3774 1145 3821 nemo
1166 3756 1286 3822 nescit.
1304 3754 1477 3820 Videlicet
1492 3771 1573 3818 curn
1586 3751 1751 3816 adiuncta

395 3906 513 3953 rerum
533 3898 639 3973 atque
659 3891 838 3956 hominum
859 3892 988 3957 sensim
1009 3893 1213 3959 mutavisset
1235 3894 1317 3975 dies,
1339 3893 1421 3958 lecit
1440 3892 1475 3989 id
1496 3889 1654 3955 Ecclesia
1674 3905 1750 3971 pru·

395 4026 518 4090 denter
539 4044 636 4090 more
657 4046 729 4108 suo,
751 4029 852 4112 quod,
875 4037 1056 4111 perspecta
1077 4039 1203 4094 natura
1224 4040 1429 4112 temporum,
1452 4027 1564 4111 magis
1585 4024 1749 4108 expedire

394 4169 499 4243 atque
520 4161 605 4226 utile
626 4180 703 4226 esse
723 4163 903 4227 hominum
924 4164 1027 4227 saluti
1047 4164 1234 4229 videretur.
1255 4164 1378 4228 Plures
1398 4164 1601 4246 regularum
1622 4161 1749 4226 Indicis

394 4295 693 4378 praescriptiones
715 4316 804 4380 quae
825 4298 994 4363 excidisse
1015 4299 1273 4381 opportunitate
1294 4298 1439 4380 pristina
1459 4297 1675 4377 videbantur,
1690 4298 1748 4361 vel

394 4431 537 4495 decreto
555 4432 632 4513 ipsa
652 4431 800 4510 sustulit,
822 4432 880 4495 vel
901 4449 997 4496 more
1018 4449 1153 4514 usuque
1173 4430 1300 4494 alicubi
1320 4430 1557 4493 invalescente
1575 4428 1748 4510 antiquari

394 4564 543 4646 benigne
563 4564 667 4628 sitnm
688 4583 730 4628 ac
751 4564 896 4645 provide
916 4564 1006 4628 sivit.
1020 4564 1228 4628 Recentiore
1250 4563 1426 4642 memoria,
1442 4563 1533 4627 datis
1553 4564 1598 4627 ad
1618 4564 1748 4627 archie

392 4695 554 4778 piscopos
574 4696 824 4780 episcoposque
845 4715 864 4760 e
885 4697 1080 4779 principatu
1111 4696 1287 4780 pontificio
1307 4696 1451 4776 litteris,
1472 4695 1555 4760 Pius
1575 4695 1625 4759 IX
1646 4714 1748 4778 regu·

393 4829 464 4892 lam
484 4828 518 4892 X
540 4847 668 4913 magna
689 4849 733 4894 ex
754 4840 854 4912 parte
875 4831 1055 4914 mitigavit.
1077 4832 1271 4912 Praeterea,
1294 4831 1487 4913 propinquo
1507 4832 1577 4895 iam
1599 4831 1746 4896 concilio

395 4978 523 5045 magno
555 4962 733 5043 vatican0,
765 4965 877 5029 doctis
907 4965 1007 5046 viris,
1028 4967 1073 5030 ad
1104 4976 1312 5049 argumenta
1343 4967 1498 5048 paranda
1532 4966 1689 5047 delectis,
1710 4967 1746 5031 id

393 5094 573 5177 negotium
588 5095 691 5176 dedit,
706 5105 745 5159 ut
766 5097 1002 5177 expenderent
1016 5108 1121 5180 atque
1142 5098 1365 5163 aestimarent
1381 5099 1522 5181 regulas
1536 5099 1662 5163 Indicis
1675 5099 1746 5163 uni-

393 5247 524 5311 versas,
545 5229 780 5313 iudiciumque
800 5231 938 5312 ferrent,
954 5232 1036 5314 quid
1057 5233 1101 5296 de
1121 5232 1163 5296 iis
1183 5232 1275 5296 facto
1296 5250 1384 5315 opus
1405 5242 1506 5299 esset.
1522 5234 1575 5298 Illi
1596 5252 1745 5299 commu·
