4309 6534
484 822 535 874 206
1048 816 1115 870 Har
1134 848 1149 858 -
1168 818 1232 873 rtet

514 1037 696 1107 Marfinez
730 1037 878 1106 Matina
896 1086 906 1117 ,
942 1037 1121 1104 Francisco.

466 1148 594 1229 Ensayo
611 1146 885 1209 historicocritico
909 1147 1002 1209 sobre
1017 1148 1048 1209 la
1071 1170 1123 1210 an·

466 1259 557 1338 tigua
579 1255 802 1336 legislaciony
826 1255 1015 1335 principales
1037 1276 1123 1318 cuer-

467 1386 526 1447 pos
548 1365 666 1444 legales
690 1366 730 1426 de
752 1365 801 1426 los
825 1384 938 1444 reynos
963 1365 1003 1425 de
1035 1364 1122 1425 Leon

466 1495 488 1554 y
504 1471 643 1547 Castilla,
661 1470 903 1551 especialmente
919 1472 1013 1533 sobre
1027 1470 1057 1533 el
1073 1466 1122 1531 cd-

354 1605 361 1621 ·
467 1581 546 1661 digo
580 1581 620 1643 de
644 1580 676 1645 d.
701 1579 824 1642 Alonso
847 1578 876 1641 el
899 1578 998 1641 Sabio
1030 1598 1122 1640 cono·

467 1688 541 1751 cido
557 1709 618 1751 con
633 1687 661 1749 el
678 1690 810 1750 nombre
826 1689 866 1749 de
889 1687 935 1749 las
952 1688 1029 1749 siete
1053 1706 1121 1765 par-

468 1796 564 1861 tidas.
589 1796 686 1861 Decr.
710 1803 750 1859 2ό
774 1801 870 1859 mart.
895 1799 989 1873 1825.

507 1939 552 1953 -
573 1904 687 1965 Teoria
712 1905 752 1965 de
767 1903 813 1965 las
830 1914 934 1965 cortes
949 1898 970 1963 ὁ
986 1902 1124 1981 grandes

463 2012 573 2093 juntas
597 2011 775 2094 nacionales
808 2011 848 2071 de
876 2009 925 2071 los
956 2010 1060 2072 reinos
1085 2010 1124 2070 de

468 2119 557 2181 Leon
578 2141 600 2200 y
617 2117 757 2192 Castilla;
775 2129 996 2179 monumentos
1024 2118 1064 2179 de
1088 2137 1124 2178 su

468 2225 681 2288 constitucion
704 2225 834 2304 politica
861 2247 882 2304 y
906 2226 946 2286 de
977 2224 1006 2286 la
1037 2224 1125 2285 sobe-

469 2332 557 2396 rania
580 2332 631 2394 del
646 2332 770 2412 pueblo,
788 2352 848 2394 con
864 2331 998 2411 algunas
1020 2331 1126 2393 obser·

469 2440 617 2503 vaciones
646 2441 740 2502 sobre
773 2440 803 2501 la
836 2439 875 2501 lei
911 2437 1126 2501 fundamental

470 2548 512 2610 de
545 2547 575 2609 la
609 2547 796 2629 monarquia
831 2545 990 2626 espar'rola.
1027 2545 1124 2609 Decr.

470 2661 511 2717 πό
534 2660 630 2718 marl.
656 2660 751 2731 1825.

515 2761 688 2841 Martini,
720 2760 875 2823 Antonio.
911 2782 939 2822 v.
976 2761 1125 2822 Testa-

472 2879 609 2930 mento
632 2866 669 2946 (il
693 2871 824 2946 nuovo).

517 2973 692 3053 Martini,
737 2973 922 3035 Euclrarius
967 2972 1123 3052 Epistola.

472 3103 501 3147 v.
539 3080 978 3145 Macchiavellizatio.

515 3186 737 3266 MartiniuS,
780 3186 941 3251 Matthias.
986 3187 1127 3249 Lexicon

471 3294 699 3377 philologicum
735 3294 903 3374 praecipue
940 3293 1127 3373 etymologi-

470 3424 552 3477 cum,
570 3404 602 3465 in
618 3423 683 3483 quo
705 3402 819 3465 latinae
842 3414 874 3464 et
893 3425 911 3463 a
928 3400 1034 3463 latinis
1057 3421 1127 3461 auc-

470 3510 595 3573 toribus
626 3521 796 3589 usurpatae
827 3522 894 3571 tum
930 3527 1027 3586 purae
1059 3520 1126 3568 tuni

471 3618 626 3681 barbarae
667 3636 762 3678 voces
805 3615 1024 3688 declarantur,
1050 3613 1127 3674 mul-

472 3737 586 3805 taeque
617 3724 648 3785 in
679 3723 796 3785 divinis
827 3735 858 3784 et
889 3721 1036 3783 humanis
1062 3720 1129 3782 lite-

472 3831 516 3893 ris
540 3830 741 3893 difficultates
775 3831 962 3892 enodantur.
988 3828 1085 3891 Decr.
1111 3834 1129 3888 6

470 3943 548 4021 sept.
574 3944 667 4018 ¹⁶27?
690 3943 710 4000 8
732 3943 828 4001 mart.
853 3942 942 4000 1662.

516 4081 559 4095 -
582 4066 611 4110 v.
637 4044 881 4118 Gurtlerus,
907 4041 1068 4106 Nicolaus.

517 4151 734 4234 [Martinoli,
758 4149 910 4230 Angelo}
936 4171 965 4213 v.
983 4149 1129 4210 Amico

472 4255 524 4340 (l’)
547 4260 670 4321 sincero
694 4259 745 4321 dei
773 4258 912 4336 giovani.

517 4365 687 4446 Martius,
711 4364 873 4443 Aloysius.
898 4385 927 4428 v.
953 4362 1124 4442 Physio·

472 4472 635 4553 philus,
662 4473 807 4534 loannes

517 4580 690 4658 Marvell,
706 4580 856 4644 Andrew.
874 4579 925 4641 An
949 4589 1083 4640 account
1099 4577 1134 4638 ol
1188 4578 1281 4654 lati,
1308 4578 1522 4642 Carlantonio.

471 4688 526 4750 the
549 4686 674 4766 growtlr
699 4686 736 4747 os
756 4706 878 4766 popery
892 4686 955 4748 and
972 4685 1131 4765 arbitrary

473 4805 680 4873 government
713 4793 744 4854 in
776 4792 933 4872 Englanu.
964 4792 1061 4855 Decr.
1091 4797 1131 4852 28

473 4922 543 4965 nov.
568 4918 656 4980 1730.

518 5007 723 5089 Mascagni,
740 5007 915 5070 Girolamo.
934 5004 1080 5067 Manuale
1097 5006 1129 5067 di

475 5116 586 5180 civica.
611 5116 707 5179 Decr.
732 5134 772 5193 23
794 5123 866 5196 apr.
892 5118 980 5177 18όο.

520 5219 728 5303 *Masdeu,
751 5224 832 5303 Juan
852 5221 1031 5285 Francisco.
1058 5221 1130 5282 His·

1182 1038 1263 1102 toria
1280 1038 1389 1101 critica
1408 1038 1449 1101 de
1465 1039 1591 1118 Espar‘ra
1614 1061 1636 1120 y
1660 1040 1700 1102 de
1723 1038 1754 1102 la
1778 1038 1844 1102 cul-

1181 1160 1253 1210 tura
1275 1147 1434 1228 espafiola.
1460 1149 1568 1211 Donec
1592 1150 1715 1229 corrig.
1741 1150 1842 1216 Decr.

1182 1274 1221 1318 11
1244 1258 1306 1320 dec.
1332 1262 1421 1320 1826.

1225 1364 1408 1431 Massimo
1440 1366 1480 1427 da
1516 1366 1639 1429 Mouza.
1664 1365 1774 1429 Glorie
1810 1367 1844 1430 di

1181 1493 1206 1536 s.
1231 1473 1324 1535 Anna
1356 1474 1465 1535 madre
1497 1472 1578 1536 della
1613 1493 1694 1553 gran
1729 1476 1845 1537 madre

1182 1581 1214 1643 di
1239 1581 1312 1656 Dio,
1337 1602 1355 1644 e
1379 1580 1498 1660 pratica
1516 1578 1659 1643 d'alcune
1676 1582 1843 1644 devotioni

1182 1688 1223 1750 da
1247 1689 1320 1750 sarsi
1347 1690 1377 1751 in
1401 1709 1460 1750 suo
1483 1689 1604 1751 honore
1635 1689 1774 1751 ricavate
1801 1692 1844 1753 da

1182 1795 1363 1875 gravissimi
1376 1797 1489 1862 autori.
1508 1796 1603 1861 Decr.
1617 1813 1663 1874 25
1675 1800 1740 1861 ian.
1749 1802 1844 1876 1684.

1226 1904 1452 1983 Massonus,
1484 1904 1636 1983 Papirius.
1670 1925 1699 1967 o.
1732 1905 1845 1984 Ago·

1183 2012 1338 2074 bardus
1361 2015 1425 2091 (s).
1453 2012 1569 2091 Opera.

1227 2118 1436 2198 Maslrlchl,
1449 2118 1636 2181 Gerhardus
1648 2138 1720 2183 von.
1732 2118 1845 2181 Histo-

1185 2226 1230 2287 ria
1247 2225 1324 2288 iuris
1339 2225 1544 2288 ecclesiastici
1559 2237 1591 2287 et
1607 2224 1770 2305 pontificii,
1786 2246 1845 2289 seu

1185 2333 1225 2395 de
1244 2345 1326 2408 ortu,
1345 2353 1526 2412 progressu,
1552 2332 1762 2407 incrementis,
1781 2332 1845 2395 col-

1183 2439 1380 2515 lectionibus,
1411 2441 1657 2522 auctoribusque
1685 2440 1763 2501 iuris
1796 2460 1847 2503 ec·

1184 2546 1349 2609 clesiastici
1363 2559 1394 2609 et
1408 2547 1558 2626 pontificii
1572 2546 1730 2612 tractatio.
1743 2547 1844 2614 Dect.

1184 2671 1230 2731 15
1250 2654 1308 2717 iul.
1332 2670 1425 2732 1715.

1229 2795 1272 2808 -
1296 2782 1324 2824 v.
1355 2760 1637 2838 Augustinus,
1670 2761 1845 2828 Antonius.

1185 2870 1234 2929 De
1257 2867 1477 2930 emendatione
1500 2867 1654 2933 Gratiani.

1229 2973 1477 3056 Mastripieri‚
1512 2974 1707 3037 Giammaria
1732 2971 1846 3061 [prere

1185 3077 1369 3168 dorz)·mus].
1392 3081 1545 3161 Risposta
1575 3103 1594 3143 a
1626 3102 1668 3142 un
1691 3081 1847 3146 libercolo

1187 3187 1362 3251 intitolat0:
1391 3188 1517 3249 Lettera
1535 3184 1611 3249 d’un
1626 3186 1846 3252 ecclesiastico

1187 3294 1315 3357 italiano
1340 3294 1454 3356 diretta
1486 3316 1505 3356 a
1532 3295 1667 3373 monsig.
1693 3293 1848 3376 Scipione

1188 3399 1238 3464 de’
1259 3401 1371 3475 Ricci,
1416 3420 1553 3462 vescovo
1591 3401 1624 3462 di
1664 3402 1785 3484 Pistoja
1830 3425 1849 3467 e

1188 3510 1282 3571 Prato
1310 3513 1403 3585 1786.
1430 3508 1526 3572 Decr.
1552 3527 1589 3586 31
1612 3515 1708 3574 mart.
1730 3515 1824 3591 1788.

1231 3615 1421 3694 Malhieu,
1451 3618 1485 3679 F.
1515 3613 1667 3694 Abbrtgt
1698 3618 1740 3679 de
1770 3615 1849 3681 l'an·

1188 3724 1295 3786 cienne
1325 3737 1356 3785 et
1388 3720 1502 3785 celeste
1530 3724 1673 3785 doctrine
1696 3723 1738 3786 de
1761 3726 1848 3790 saint

1188 3830 1349 3909 Augustin
1382 3841 1414 3891 et
1445 3831 1485 3891 de
1515 3842 1604 3892 toute
1630 3827 1754 3909 l'eglise
1778 3844 1850 3895 tou·

1188 3938 1284 3999 chant
1299 3937 1328 3998 la
1349 3934 1454 4014 grace.
1480 3937 1576 4002 Decr.
1589 3956 1630 4017 ²7
1645 3943 1742 4002 marl.
1755 3944 1849 4015 1669,

1232 4042 1474 4111 Matrimonio
1509 4042 1577 4123 (il)
1608 4043 1694 4123 degli
1725 4045 1850 4110 antichi

1188 4152 1268 4231 preti
1284 4173 1302 4214 e
1318 4152 1339 4214 il
1356 4151 1491 4214 celibato
1507 4150 1558 4212 dei
1576 4150 1728 4215 moderni.
1747 4151 1849 4218 Decr.

1189 4277 1228 4338 17
1252 4260 1314 4323 dec.
1339 4264 1428 4321 1821.

1231 4363 1472 4432 Matrimonio
1486 4361 1541 4443 (il)
1557 4364 1591 4426 di
1612 4365 1657 4426 lra
1674 4363 1848 4442 Giovanni,

1188 4472 1375 4536 commedia.
1387 4471 1482 4536 Decr.
1492 4477 1532 4534 18
1542 4477 1620 4553 sept.
1634 4476 1722 4550 1789.
1736 4492 1766 4535 v.
1785 4472 1851 4535 Pi-

1233 4686 1375 4753 Matleo
1401 4687 1442 4747 da
1468 4684 1591 4764 Veglia.
1609 4684 1712 4747 Gusto
1732 4685 1850 4750 afflitto

1190 4794 1222 4855 di
1232 4789 1329 4854 Gieslr
1339 4791 1468 4855 Christo
1481 4805 1590 4854 nostro
1598 4792 1735 4871 signore.
1747 4792 1848 4859 Decr.

1191 4900 1225 4964 S.
1255 4899 1317 4980 Off.
1343 4905 1589 4980 roapr.166,1.

1233 5005 1391 5086 Malles,
1412 5008 1557 5088 Jacques
1591 5005 1777 5068 Emmanuel
1807 5009 1850 5071 de

1189 5114 1415 5191 Swedenborg,
1433 5134 1467 5174 sa
1492 5113 1551 5187 vie,
1578 5133 1627 5175 ses
1650 5111 1745 5174 cents
1761 5127 1793 5176 et
1813 5137 1851 5179 sa

1192 5219 1344 5284 doctrine.
1364 5221 1460 5284 Decr.
1479 5220 1512 5283 S.
1532 5220 1594 5301 Off.
1611 5238 1651 5282 2ο
1665 5227 1739 5301 apr.
1753 5225 1846 5302 1864.
