4309 6534
1046 1244 1102 1363 U

438 1571 599 1651 Ulmius,
608 1572 818 1652 Augustinus.
830 1573 880 1635 De
891 1586 1005 1636 natura
1017 1584 1049 1637 et

394 1678 557 1741 effectibus
576 1678 695 1741 amoris
718 1679 871 1758 sensitivi,
893 1693 1048 1743 tractatus

394 1785 645 1864 philosophicus.
665 1785 760 1849 Decr.
778 1805 815 1862 30
831 1789 915 1847 maii
928 1791 1018 1866 1617.

439 1890 585 1959 Umilta
600 1891 661 1972 (la)
683 1893 841 1970 gallicana
864 1893 963 1955 difesa
986 1891 1049 1954 col·

394 1995 482 2061 l'uno
503 2019 521 2060 e
544 1996 616 2060 coll'
628 1998 711 2061 altro
743 1998 854 2062 diritto
884 1999 926 2060 da
956 2000 1047 2062 molti

394 2105 559 2186 porporati
583 2105 786 2185 componenti
810 2105 840 2168 la
863 2127 952 2168 sacra
977 2127 1048 2169 con·

393 2212 585 2292 gregarione
616 2212 666 2274 dei
696 2213 823 2276 vescovi
852 2234 870 2275 e
900 2213 1047 2293 regolari.

395 2319 493 2385 Decr.
518 2338 556 2397 13
580 2323 757 2385 r‘an.1880.

439 2427 740 2511 Ungepauerus,
765 2428 926 2492 Erasmus.
956 2427 1048 2493 Com·

395 2537 568 2599 mentarius
607 2557 703 2616 super
742 2536 925 2600 decretales.
957 2538 1049 2617 Opus

395 2644 613 2723 posthumum.
644 2643 741 2706 Decr.
766 2662 804 2721 29
832 2649 929 2707 mart.
958 2650 1047 2708 1661.

439 2751 578 2818 Unitas
594 2750 777 2829 dogmatica
800 2763 832 2813 et
857 2750 994 2830 politica,
1017 2751 1049 2813 in

394 2877 459 2939 qua
475 2858 581 2937 agitur
598 2857 637 2919 de
653 2858 875 2920 reformatione
896 2858 957 2920 hoc
974 2873 1049 2921 tem·

394 2984 471 3044 pore
494 2979 650 3027 attentata
671 2965 702 3026 in
726 2964 847 3044 Belgio,
871 2965 979 3028 oblata
1004 2987 1048 3028 se·

394 3072 560 3133 renissimo
583 3072 719 3152 principi
741 3072 849 3135 loanni
867 3071 1048 3136 Austriaco.

395 3178 491 3242 Decr.
517 3179 551 3242 S.
574 3177 637 3261 Off.
646 3178 716 3257 ser.
750 3179 783 3242 V.
808 3184 848 3241 26
872 3181 940 3243 iun.
958 3184 1047 3242 1681.

439 3285 665 3368 Unterberg‚
694 3287 825 3347 loannes
853 3306 925 3349 von.
951 3286 1048 3348 Kurt·

393 3414 447 3455 zer
462 3393 579 3472 Begrifi
595 3394 669 3454 dess
685 3392 976 3455 wunderbarlichen
993 3393 1048 3454 Le·

394 3502 471 3563 bens
495 3499 551 3560 der
576 3500 699 3561 Frauen
723 3499 825 3561 Maria
848 3519 910 3560 von
933 3498 1045 3574 Ward,

393 3606 547 3670 Stiffterin
560 3607 633 3669 dess
645 3607 790 3671 Instituts
807 3607 936 3671 Mariae.
949 3606 1045 3670 Decr.

393 3731 434 3775 22
457 3718 554 3775 mart.
579 3731 676 3793 1751.

439 3819 722 3887 Unzufriednen
738 3819 821 3900 (die)
838 3820 869 3881 in
880 3818 976 3881 Wien
990 3819 1047 3881 mit

392 3924 529 4004 Josephs
549 3925 734 4004 Regierung
750 3946 812 3987 von
827 3926 854 4005 J.
870 3925 904 3988 B.
919 3925 1015 3988 Decr.
1029 3930 1048 3987 6

393 4032 552 4110 dcc.1784.
564 4053 592 4095 v.
603 4033 794 4107 Biwanko,
810 4033 1046 4114 lguazJoseph.

437 4137 560 4204 Uomo
576 4136 637 4219 (l’),
657 4139 777 4202 iustitia
800 4153 832 4201 et
855 4159 927 4217 pax.
946 4139 1043 4203 Decr.

394 4243 428 4307 S.
451 4243 594 4325 Offiser.
618 4246 651 4310 V.
668 4265 706 4324 19
731 4249 789 4310 iul.
815 4265 908 4328 1759.
930 4268 959 4310 v.
977 4246 1046 4309 Go-

394 4351 484 4428 rini‚
511 4351 671 4433 Giuseppe
695 4353 801 4418 Corio,

438 4458 561 4525 Uomo
584 4458 645 4539 (l’),
664 4476 796 4524 trattato
815 4462 1045 4527 fisicomorale.

393 4587 423 4629 v.
449 4566 596 4642 Gorini,
622 4567 782 4648 Giuseppe
805 4566 911 4632 Corio

437 4673 592 4753 Urrie8‚
633 4674 745 4736 Petrus
788 4675 837 4738 de.
878 4676 1045 4738 Aestivum

393 4781 494 4843 otium
507 4781 547 4842 ad
561 4782 779 4860 repetitionem
797 4783 877 4845 ritus
892 4799 1045 4845 ccxxxV.

393 4910 478 4968 mag.
507 4910 573 4953 cur.
603 4890 700 4953 vicar.
729 4891 819 4969 regni
843 4890 1045 4969 neapolitani.

394 4997 491 5060 Decr.
517 5017 557 5075 ²4
581 4998 639 5060 iul.
664 5004 752 5061 1626.

437 5104 612 5191 Ursaya,
637 5106 805 5169 Antonius.
843 5106 892 5168 De
927 5105 1047 5185 duplici

390 5225 477 5275 statu
500 5213 585 5276 vitae
608 5214 773 5288 humanae,
798 5234 854 5276 seu
878 5213 918 5276 de
939 5214 1045 5276 Adam

1108 1586 1181 1636 ante
1203 1586 1236 1635 et
1259 1585 1333 1652 post
1355 1573 1668 1653 praevaricationem,
1694 1575 1762 1654 phi·

1107 1679 1254 1760 losophia
1277 1701 1368 1743 sacra
1393 1682 1669 1745 dissertationibus
1685 1681 1761 1744 dua·
1790 1717 1795 1724 -

1109 1789 1168 1849 bus
1191 1789 1429 1867 comprehensa.
1457 1788 1555 1854 Decr.
1584 1789 1619 1854 S.
1648 1787 1712 1872 Off.
1736 1806 1762 1867 5

1108 1896 1167 1958 iul.
1191 1912 1281 1975 1707.

1151 2000 1326 2081 Ursinus,
1342 2001 1497 2064 lohannes
1518 2002 1686 2066 Henricus.
1710 2002 1760 2064 De

1106 2108 1276 2171 Zoroastre
1299 2108 1473 2183 bactriano,
1500 2110 1650 2172 Hermete
1677 2109 1761 2172 Tris-

1108 2215 1254 2294 megisto,
1278 2214 1559 2278 Sanchoniathone
1582 2215 1758 2296 phoenicio,

1106 2341 1281 2403 eorumque
1297 2321 1424 2400 scriptis
1439 2335 1471 2384 et
1486 2322 1557 2384 aliis
1572 2334 1684 2386 contra
1696 2341 1762 2384 mo·

1106 2428 1209 2491 saicae
1224 2428 1400 2509 scripturae
1414 2428 1652 2510 antiquitatem,·
1675 2448 1762 2492 exer·

1108 2535 1274 2598 citationes
1302 2533 1480 2611 familiares,
1510 2536 1627 2617 quibus
1655 2534 1761 2600 Chri·

1109 2642 1286 2721 stophori
1309 2642 1472 2705 Arnoldi
1495 2642 1694 2723 spicilegium
1712 2664 1761 2706 ac·

1108 2750 1212 2813 cessit.
1238 2750 1335 2812 Decr.
1359 2755 1400 2812 28
1421 2755 1499 2833 sept.
1523 2756 1612 2814 1661.

1154 2894 1194 2905 -
1223 2856 1404 2920 Passionale
1432 2857 1632 2939 quadruplex
1663 2858 1761 2922 histo·

1108 2967 1218 3041 ricum,
1243 2965 1476 3045 propheticum,
1501 2966 1654 3047 typicum,
1678 2987 1761 3049 sym·

1109 3073 1257 3147 bolicum,
1271 3072 1434 3135 continens
1451 3072 1591 3154 quinque
1607 3072 1761 3153 heptades

1108 3201 1172 3243 sac.
1197 3179 1398 3254 concionum;
1423 3193 1624 3241 accesserunt
1651 3179 1761 3243 decem

1108 3287 1276 3349 conciones
1299 3286 1340 3347 de
1363 3305 1447 3365 agno
1471 3285 1613 3366 paschali
1635 3299 1667 3349 et
1693 3306 1761 3366 sep

1109 3407 1172 3455 tem
1193 3394 1224 3454 in
1248 3393 1360 3455 ultima
1377 3392 1506 3454 Domini
1523 3394 1621 3455 verba
1644 3405 1676 3455 et
1699 3391 1761 3454 alia

1108 3500 1275 3582 quaedam.
1301 3500 1397 3563 Decr.
1422 3518 1462 3560 22
1486 3520 1555 3563 nov.
1581 3504 1670 3580 1677.

1151 3605 1353 3687 UsseriuS,
1386 3606 1530 3669 lacobus.
1570 3605 1762 3668 Britannica·

1107 3736 1176 3777 rum
1192 3713 1396 3777 ecclesiarum
1412 3712 1628 3793 antiquitates,
1645 3713 1762 3793 quibus

1107 3823 1224 3886 inserta
1256 3837 1304 3884 est
1327 3821 1493 3900 pestiferae
1523 3820 1677 3882 adversus
1700 3820 1760 3883 Dei

1105 3931 1242 4009 gratiam
1267 3951 1286 3990 a
1312 3927 1441 4006 Pelagio
1472 3927 1620 3990 britanno
1653 3928 1684 3990 in
1714 3950 1762 3992 ec·

1106 4038 1235 4100 clesiam
1268 4036 1415 4098 inductae
1439 4036 1585 4099 hereseos
1615 4035 1759 4103 historia.

1107 4145 1203 4208 Decr.
1229 4163 1267 4206 10
1291 4146 1375 4204 maii
1395 4147 1484 4221 1706.

1149 4286 1193 4299 -
1231 4250 1448 4312 Gravissimae
1486 4250 1682 4330 quaestionis
1721 4253 1763 4316 de

1106 4357 1351 4420 christianarum
1382 4354 1588 4418 ecclesiarum
1620 4357 1653 4419 in
1681 4358 1761 4420 occi·

1106 4464 1210 4526 dentis
1234 4462 1418 4542 praesertim
1448 4463 1593 4541 partibus
1623 4465 1665 4527 ab
1688 4484 1762 4545 apo·

1106 4570 1227 4633 stolicis
1240 4570 1436 4649 temporibus
1452 4568 1493 4629 ad
1506 4582 1647 4632 nostram
1660 4590 1763 4653 usque

1105 4691 1242 4740 aetatem
1255 4676 1404 4738 continua
1417 4677 1617 4739 successione
1630 4692 1662 4740 et
1674 4690 1761 4741 statu

1107 4785 1258 4847 historica
1288 4784 1468 4862 explicatio.
1498 4784 1596 4849 Decr.
1620 4790 1660 4847 18
1682 4807 1760 4866 aug.

1106 4897 1206 4969 1615:
1232 4909 1269 4953 10
1292 4893 1376 4951 maii
1397 4895 1486 4970 1706.

1152 4999 1291 5077 Uzard,
1309 4997 1485 5078 leopoldo,
1501 4997 1609 5061 Storia
1630 4999 1681 5062 del
1697 5000 1762 5062 dia·

1106 5106 1189 5180 vole,
1218 5106 1376 5167 illustrata
1393 5104 1434 5166 da
1452 5118 1490 5180 51
1512 5106 1646 5185 disegni.
1664 5107 1760 5173 Decr.

1106 5231 1147 5291 14
1171 5214 1228 5277 iul.
1253 5216 1343 5289 1892.
