4309 6534
866 820 1048 866 nnnnnrcrr
1070 822 1184 867 Phuni:
1209 824 1279 868 xw.
1709 811 1746 875 31

821 911 862 917 -,
1199 915 1446 923 —-————..--

394 1026 509 1108 ciant,
534 1034 573 1092 ut
593 1030 651 1093 vel
672 1029 871 1095 huiusmodi
891 1030 987 1112 libri,
1012 1032 1043 1097 si
1069 1032 1186 1115 aliqua
1206 1052 1251 1097 ex
1271 1032 1355 1115 ipsis
1375 1032 1453 1115 capi
1476 1032 1585 1115 possit
1605 1032 1749 1115 utilitas

394 1167 635 1248 emendentur,
655 1171 714 1232 vel
733 1169 769 1233 in
790 1170 979 1235 vetitorum
999 1170 1153 1236 Indicem
1173 1171 1314 1235 omnino
1334 1170 1539 1235 referantur.

473 1301 622 1382 §22.1n
643 1323 704 1384 ea,
736 1323 841 1387 quam
871 1305 1031 1387 superius
1062 1305 1301 1385 laudavimus]
1332 1305 1611 1386 praedecessoris
1640 1306 1752 1370 nostri

394 1436 587 1504 Clementis
607 1441 722 1523 Papae
737 1441 820 1505 VIII
839 1442 1075 1522 instructione,
1102 1442 1159 1506 Tit.
1181 1443 1222 1505 de
1242 1446 1381 1505 correct.
1404 1441 1458 1503 lib.
1480 1441 1505 1524 §
1525 1442 1553 1503 2
1576 1441 1751 1523 sapientis

394 1574 482 1638 sime
503 1586 647 1640 cautum
667 1577 805 1661 legitur,
820 1587 859 1642 ut
872 1580 1090 1660 quaesamae
1098 1579 1362 1661 proximorum,
1378 1585 1413 1642 et
1425 1578 1638 1659 praesertrnr
1652 1577 1751 1640 eccle-

393 1710 620 1775 siasticorum
638 1719 673 1776 et
685 1712 902 1795 principum,
920 1716 1117 1794 detrahunt,
1131 1713 1295 1796 bonisque
1316 1714 1473 1778 moribus
1496 1720 1530 1777 et
1540 1711 1752 1777 christianae

393 1844 601 1927 disciplinae
630 1854 718 1911 sunt
745 1849 946 1929 contraria,
972 1857 1239 1932 expungantur.
1271 1851 1315 1914 Et
1346 1852 1451 1932 paulo
1481 1859 1579 1932 post:
1602 1849 1752 1931 facetiae

393 1983 510 2064 etrum,
529 1991 594 2048 aut
611 1986 764 2067 interra,
784 1988 821 2052 in
837 1989 1040 2070 perm'crem,
1060 1997 1125 2055 aut
1140 1989 1397 2071 praeiudicium
1417 1990 1552 2070 famae,
1571 1984 1752 2049 exr'stirna·

393 2119 501 2185 tionis
521 2121 674 2186 altarum
694 2122 832 2204 iactata,
852 2126 1088 2206 repudientur.
1102 2126 1245 2191 Utinam
1258 2143 1344 2191 vero
1364 2126 1400 2190 In
1420 2133 1611 2207 aspectum,
1625 2124 1752 2188 lucem-

393 2279 462 2342 que
482 2262 663 2328 hominum
684 2263 761 2328 libri
785 2265 954 2329 eiusmodi
981 2264 1017 2328 in
1044 2266 1111 2328 hac
1139 2273 1335 2345 temporum
1362 2261 1502 2326 licentia
1523 2268 1558 2325 et
1578 2260 1751 2342 pravitate

393 2415 464 2461 non
485 2398 702 2479 efferrentur,
716 2399 753 2464 in
767 2400 892 2481 quibus
911 2400 1119 2465 dissidentes
1139 2406 1302 2463 auctores
1319 2397 1449 2462 mutuis
1469 2414 1507 2460 se
1527 2395 1658 2478 iurgiis
1674 2413 1751 2459 con-

392 2532 563 2616 viciisque
581 2534 824 2616 proscindunt,
845 2535 994 2599 aliorum
1021 2533 1201 2616 opiniones
1228 2532 1384 2597 nondum
1410 2532 1456 2595 ab
1475 2530 1632 2594 Ecclesia
1660 2530 1751 2593 dam·

392 2681 495 2737 natas
515 2690 665 2737 censura
685 2672 933 2756 perstringunt,
954 2672 1183 2752 adversarios,
1199 2689 1390 2753 eorumque
1410 2670 1558 2749 scholas
1572 2686 1615 2733 ac
1630 2679 1751 2733 coetus

392 2812 570 2896 sugillant,
592 2822 627 2877 et
648 2830 712 2895 pro
733 2811 887 2876 ridiculis
907 2811 1048 2891 ducunt,
1064 2828 1193 2892 magno
1208 2809 1369 2891 equidem
1390 2809 1561 2872 bonorum
1574 2807 1749 2886 scandalo,

391 2949 652 3015 haereticorum
671 2967 757 3013 vero
779 2957 996 3030 contemptu,
1019 2947 1079 3030 qui
1099 2946 1368 3029 digladiantibus
1388 2945 1479 3009 inter
1500 2964 1538 3009 se
1559 2944 1748 3024 catholicis

392 3104 501 3169 seque
521 3095 644 3150 mutuo
664 3084 906 3164 lacerantibus,
921 3085 1024 3166 plane
1038 3084 1263 3166 triumphant.
1284 3083 1359 3147 Etsi
1372 3101 1458 3147 vero
1476 3083 1552 3147 fieri
1565 3101 1634 3148 non
1647 3100 1751 3165 posse

391 3221 638 3304 intelligamus
660 3228 698 3284 ut
719 3218 970 3301 disputationes
998 3237 1120 3283 omnes
1148 3237 1168 3283 e
1196 3219 1326 3283 mundo
1347 3219 1523 3298 tollantur,
1544 3217 1750 3299 praesertim

392 3373 474 3419 cum
495 3354 663 3419 librorum
691 3372 858 3418 numerus
885 3353 1103 3418 continenter
1130 3362 1303 3434 augeatur
1324 3388 1336 3398 -
1354 3351 1510 3431 faciendi
1519 3351 1612 3416 enim
1623 3352 1751 3433 plures

393 3490 502 3552 libros
515 3487 639 3551 nullus
652 3492 706 3550 est
707 3486 810 3567 finis,
825 3496 863 3551 ut
878 3496 931 3550 est
944 3486 1038 3567 apud
1052 3486 1297 3565 EcclesIasten,
1312 3495 1387 3567 cap.
1407 3486 1454 3549 12
1474 3504 1506 3567 ·;
1532 3496 1750 3569 compertum

393 3630 575 3705 praeterea
595 3620 695 3685 nobis
715 3620 775 3700 sit,
797 3638 963 3703 magnam
987 3620 1173 3701 aliquando
1198 3619 1383 3684 utilitatem
1406 3639 1450 3684 ex
1471 3620 1513 3684 iis
1534 3621 1611 3704 capi
1630 3641 1749 3705 posse;

394 3755 536 3819 modum
557 3764 675 3819 tamen
688 3754 724 3818 in
739 3753 963 3819 defendendis
977 3753 1203 3835 opinionibus
1223 3763 1258 3818 et
1279 3754 1504 3820 christianam
1516 3755 1553 3820 in
1567 3757 1749 3822 scribendo

394 3890 669 3957 moderationem
689 3889 824 3955 servari
851 3889 976 3953 merito
1003 3891 1176 3954 volumus.
1200 3890 1281 3953 Non
1302 3891 1471 3956 inutiliter
1490 3892 1611 3974 (inquit
1632 3893 1750 3976 Augu·

395 4026 506 4091 stinus
525 4026 562 4090 in
582 4024 756 4090 Enchirid.
778 4042 852 4107 cap.
873 4024 914 4088 59
934 4041 1042 4105 prope
1063 4023 1179 4102 linem)
1199 4031 1407 4088 exercentur
1427 4026 1582 4107 r'rrgem'a,
1601 4028 1640 4090 si
1655 4029 1750 4093 adiri·

395 4162 513 4226 teatin
534 4160 736 4241 disceptatio
757 4161 946 4238 moderata,
966 4166 999 4223 et
1017 4160 1110 4224 absit
1127 4178 1230 4224 error
1250 4162 1470 4242 opinantium
1490 4181 1529 4226 se
1548 4164 1639 4228 scire
1659 4166 1751 4246 quod

397 4294 563 4358 wirnt.
584 4293 651 4374 Qui
671 4293 828 4358 veritatis
849 4294 1011 4375 studium,
1033 4305 1068 4359 et
1089 4295 1237 4377 purioris
1258 4297 1437 4362 doctrinae
1455 4299 1578 4379 zelum,
1593 4318 1662 4381 quo
1676 4318 1751 4363 sua·

396 4446 470 4493 rum
491 4427 719 4510 scriptionum
734 4429 998 4495 mordacitatem
1013 4440 1190 4512 excusent,
1205 4432 1394 4498 obtendere
1415 4434 1536 4513 solent,
1555 4433 1579 4497 ii
1598 4434 1750 4516 primum

397 4562 606 4647 intelligant,
631 4584 701 4629 non
728 4564 899 4629 minorem
924 4566 1121 4630 habendam
1147 4566 1372 4648 evangelicae
1399 4569 1688 4650 mansuetudinis,
1714 4579 1749 4634 et
1840 4647 1845 4655 Ι

398 4699 602 4763 christianae
613 4698 802 4779 charitatis
814 4716 919 4780 quam
931 4699 1090 4763 veritatis
1100 4700 1279 4765 rationem.
1288 4700 1448 4766 Charitas
1459 4713 1578 4767 autem
1588 4704 1631 4768 de
1643 4706 1749 4770 corde

398 4851 488 4915 puro,
510 4833 647 4916 patiens
668 4843 729 4914 est,
752 4832 902 4916 benigna
923 4841 984 4912 est,
1003 4851 1073 4897 non
1087 4833 1251 4912 irritatur,
1267 4852 1337 4897 non
1358 4835 1563 4915 aemulatur,
1585 4854 1655 4900 non
1675 4837 1748 4919 agit

398 4981 585 5047 perperam,
607 4966 726 5046 (utque
746 4965 842 5029 addit
863 4965 956 5029 idem
969 4965 1190 5049 Augustinus
1211 4967 1267 5030 lib.
1289 4977 1412 5032 contra
1432 4966 1567 5032 litteras
1581 4969 1747 5051 Petiliani,

400 5116 467 5183 cap.
486 5102 528 5166 29
548 5120 582 5166 n
603 5102 655 5182 31)
674 5100 749 5165 sine
768 5100 931 5182 superbia
952 5101 997 5164 de
1018 5102 1168 5166 veritate
1192 5102 1399 5184 praesumit,
1421 5101 1495 5167 sine
1516 5103 1663 5168 saevitia
1683 5123 1747 5186 pro

402 5235 541 5301 veritate
555 5243 679 5301 certat.
694 5235 792 5301 Haec
806 5253 957 5320 magnus
973 5237 1032 5302 ille
1052 5255 1123 5304 non
1137 5237 1295 5303 veritatis
1308 5237 1431 5319 minus,
1447 5256 1553 5320 quam
1567 5238 1746 5304 charitatis
