4309 6534
919 824 996 882 Com
1015 856 1030 866 -
1049 824 1118 882 Con
1656 845 1691 899 9³

336 1045 425 1127 degli
441 1046 546 1110 ordini
563 1048 730 1111 monastici
745 1069 802 1124 ec„
819 1045 982 1112 dall'anno

337 1172 379 1232 33
403 1152 541 1217 dell'era
571 1155 723 1218 cristiana
746 1156 812 1218 fino
834 1153 982 1220 all'anno

340 1279 437 1339 17oo;
451 1264 639 1327 traduzione
651 1264 704 1325 dal
716 1264 866 1327 trancese.
882 1265 979 1329 Decr.
1013 1285 1015 1352 ξ

1049 1063 1090 1125 17
1122 1047 1188 1109 ian.
1219 1050 1310 1108 182ο.
1345 1066 1374 1110 v.
1399 1046 1580 1124 Acrem,
1615 1045 1691 1111 Gio·

1048 1153 1143 1214 vanni
1168 1154 1315 1217 Battista.

1093 1256 1306 1341 (tonnulae,
1340 1242 1475 1324 litienne
1508 1262 1559 1326 de.
1587 1262 1690 1327 Cours

336 1390 379 1449 24
401 1378 476 1451 apr.
499 1377 596 1452 1758.
627 1392 656 1433 v.
689 1369 856 1451 Abrege
889 1373 981 1435 chro·
1013 1355 1015 1502 i
1048 1364 1180 1430 d'etnde
1191 1389 1272 1448 pour
1287 1366 1506 1433 l’instruction
1521 1371 1566 1433 du
1581 1372 1691 1451 prince

336 1477 521 1559 nologique.

380 1584 652 1668 compendium
679 1584 908 1667 antiquitatum
932 1609 980 1650 ec·

334 1691 584 1755 clesiasticarum
607 1712 647 1754 ex
670 1693 884 1771 scriptoribus
906 1714 981 1775 apo·

335 1798 483 1877 logeticis
495 1799 982 1879 eorumdemquecommentato

335 1906 425 1969 ribus
440 1907 665 1986 compositum.
684 1907 850 1971 Accedunt
866 1908 978 1974 Conr.

335 2016 446 2079 Sam.
470 2014 829 2078 Schurzlleischii
854 2029 980 2079 contro·

334 2121 458 2184 versiae
487 2133 519 2184 et
550 2122 754 2202 quaestiones
790 2122 979 2202 insigniores

334 2230 562 2310 antiquitatum
582 2228 869 2293 ecclesiasticarum
886 2253 926 2294 ex
945 2232 979 2293 li·

333 2337 394 2398 bro
408 2335 475 2399 eius
492 2336 710 2416 manuscripto
734 2358 817 2400 nunc
840 2339 977 2418 primum

333 2443 442 2507 editae
468 2465 545 2507 cura
572 2456 604 2506 et
634 2442 743 2507 studio
774 2445 820 2508 Io.
845 2445 977 2526 Georgii

333 2550 485 2616 Walchii.
510 2553 608 2615 Decr.
632 2558 674 2615 18
699 2573 777 2631 aug.
802 2572 890 2634 1744.

379 2659 649 2743 compendium
664 2658 817 2722 historiae
832 2661 977 2723 eeclesia·

322 2765 433 2829 sticae
467 2766 499 2828 in
534 2786 627 2828 usum
650 2766 810 2845 gymnasii
842 2768 976 2845 gothani

332 2872 423 2935 libris
457 2873 585 2936 dnobus
619 2873 843 2953 compositum.
876 2875 974 2939 Decr.

333 2999 375 3041 21
397 3002 467 3045 nov.
492 2987 581 3057 1690.

378 3086 560 3171 compete
574 3088 634 3169 (le)
650 3088 801 3162 Mathieu,
816 3108 857 3151 ou
874 3089 976 3152 lesbi·

331 3214 483 3273 garrures
506 3195 547 3257 de
569 3192 692 3273 l'esprit
715 3195 854 3258 humain.
877 3196 974 3259 Decr.

333 3303 424 3365 2811.
437 3307 528 3381 1804.
541 3321 570 3364 v.
585 3301 840 3377 Dulanrens,
859 3303 975 3364 Henri-

330 3409 461 3488 Joseph.

377 3515 518 3595 comte,
535 3516 691 3593 Auguste.
716 3515 819 3578 Cours
843 3516 884 3577 de
908 3517 974 3595 phi·

330 3620 478 3702 losophie
516 3622 663 3703 positive.
703 3623 800 3686 Decr.
837 3642 877 3683 12
910 3625 971 3686 dec,

332 3733 422 3807 1864.

375 3835 515 3916 Concilj
547 3856 565 3897 e
594 3835 701 3898 sinodi
733 3835 832 3898 tennti
863 3836 895 3897 in
925 3837 974 3899 Fi·

329 3960 423 4002 renze
438 3940 599 4005 dall’anno
620 3958 701 4017 1055
719 3939 858 4004 all'anno
878 3950 971 4018 1787.

330 4049 430 4111 Decr.
441 4068 479 4126 31
490 4056 587 4114 mart.
597 4056 686 4130 1788.
699 4071 728 4113 v.
747 4050 828 4112 Ras
838 4062 850 4112 t
860 4051 937 4111 rell
947 4050 971 4125 i,

330 4156 491 4220 Modesto.

377 4261 541 4329 concilia
563 4263 722 4326 illustrata
748 4284 805 4343 per
827 4264 972 4326 ecclesia·

327 4369 428 4431 sticae
444 4370 596 4432 historiae
611 4371 803 4449 diegeticam
820 4371 972 4433 dilucida·

328 4475 449 4540 tionem
473 4499 535 4540 nna
558 4499 631 4539 cum
651 4479 784 4540 historia
799 4480 972 4541 haereseon

328 4586 592 4648 etschismatum.
612 4587 819 4648 Iohannes
839 4588 973 4648 Ludo·

329 4692 447 4754 vicus
494 4693 670 4755 Ruelius
713 4692 840 4773 coepit,
879 4694 970 4757 1011.

329 4799 972 4862 LudovicnsHartmannuscon·

326 4905 464 4969 tinuavit
486 4917 518 4968 et
540 4907 689 4970 absolvit.
716 4908 813 4970 Decr.
838 4913 877 4968 26
901 4927 970 4970 nov.

328 5018 420 5078 1686.

372 5119 607 5190 conclusioni
638 5122 765 5184 concise
798 5121 880 5182 sulla
903 5121 971 5182 reli·

325 5225 438 5307 gione‚
463 5228 496 5290 di
513 5228 552 5291 G.
570 5228 605 5290 B.
622 5227 664 5289 A.
681 5227 722 5293 A.
746 5227 785 5292 V.
810 5229 845 5291 F.
871 5227 969 5292 Decr.

1049 1474 1090 1536 de
1114 1476 1236 1539 Parme.
1262 1476 1360 1540 Decr.
1384 1495 1425 1538 22
1446 1484 1525 1559 sept.
1548 1483 1636 1555 1836.

1093 1579 1330 1666 Condognat,
1367 1584 1534 1649 Martinus.
1563 1586 1690 1649 Ioannis

1047 1690 1224 1752 Maldonati
1241 1692 1401 1753 summula
1420 1693 1624 1773 quaestiones
1639 1714 1689 1756 ca·

1046 1816 1139 1858 suum
1175 1798 1388 1861 conscientiae
1421 1799 1624 1863 difficillimas
1658 1801 1690 1864 in

1045 1924 1081 1965 se
1103 1906 1336 1985 complectens,
1362 1906 1492 1970 cuilibet
1527 1907 1686 1970 sacerdoti

1046 2011 1259 2074 consessiones
1290 2013 1520 2092 poenitentium
1547 2014 1689 2077 audienti

1046 2116 1128 2179 scitu
1152 2118 1298 2197 perutilis
1323 2130 1355 2181 et
1378 2121 1565 2183 necessaria.
1589 2119 1687 2185 Decr.

1046 2244 1066 2285 2
1089 2227 1148 2288 iul.
1173 2231 1232 2288 1όο
1234 2244 1268 2303 5.

1091 2331 1304 2414 Concor-cet,
1331 2335 1689 2416 Maris-Jean-Antoine·

1046 2440 1175 2503 Nicolas
1199 2442 1249 2505 de.
1274 2442 1429 2522 Esqnisse
1456 2438 1534 2504 d'un
1558 2441 1687 2505 tableau

1045 2547 1222 2629 historique
1253 2549 1309 2611 des
1333 2546 1468 2630 progres
1496 2549 1538 2612 de
1564 2546 1688 2630 l'esprit

1045 2655 1185 2727 humain‚
1210 2675 1353 2735 ouvrage
1382 2657 1562 2737 posthume.
1588 2658 1686 2721 Decr.

1044 2781 1085 2824 ro
1108 2769 1186 2843 sept.
1211 2768 1301 2844 1827.

1088 2867 1279 2938 Condueta
1303 2870 1355 2932 del
1378 2871 1553 2934 reverendo
1572 2870 1689 2952 obispo

1044 2977 1085 3040 de
1101 2978 1289 3040 Michoacan
1306 2979 1370 3040 don
1388 2981 1417 3059 J.
1435 2979 1600 3059 Cavetano
1616 2981 1688 3041 Por-

1044 3086 1141 3165 tugal‚
1160 3107 1220 3149 con
1236 3086 1356 3148 motivo
1381 3086 1433 3149 del
1453 3087 1610 3150 destierro
1626 3108 1689 3168 que

1043 3193 1170 3267 impuso
1186 3194 1215 3255 el
1230 3195 1386 3272 gobierno
1407 3195 1448 3255 de
1463 3195 1557 3274 aquel
1573 3195 1688 3258 estado

1042 3321 1061 3361 a
1085 3301 1191 3363 varios
1215 3300 1430 3363 eclesiasticos
1454 3302 1634 3364 desasectos
1657 3302 1688 3363 al

1042 3407 1173 3470 sistema
1196 3407 1324 3469 lederal.
1349 3407 1522 3470 Afiadense
1551 3408 1687 3486 algunas

1043 3514 1241 3576 reflecsiones
1257 3536 1279 3594 y
1293 3515 1399 3576 varios
1417 3514 1627 3578 documentos
1643 3516 1686 3578 in·

1043 3634 1230 3697 teresantes;
1267 3622 1427 3684 coleccion
1462 3622 1503 3683 de
1532 3620 1686 3685 articulos

1041 3729 1226 3790 editoriales
1255 3729 1444 3809 publicados
1472 3750 1511 3791 en
1535 3730 1565 3791 el
1587 3729 1686 3792 Fenix

1042 3835 1083 3896 de
1103 3835 1134 3897 la
1157 3835 1304 3899 libertad.
1329 3835 1426 3898 Decr.
1451 3842 1470 3897 6
1493 3844 1567 3917 apr.
1592 3841 1683 3915 1840.

1087 3941 1313 4010 Conference
1344 3942 1385 4003 de
1410 3941 1555 4004 Diodore
1581 3955 1614 4005 et
1645 3942 1686 4005 de

1040 4049 1208 4112 Theotime
1230 4070 1286 4111 sur
1302 4051 1347 4111 les
1363 4050 1535 4112 entretiens
1559 4050 1600 4112 de
1616 4050 1685 4113 clt-

1040 4157 1140 4218 andre
1164 4169 1196 4220 et
1220 4154 1398 4231 d’Eudoxe‚
1418 4158 1471 4237 qui
1494 4170 1621 4219 servent
1643 4157 1685 4219 de

1041 4265 1186 4325 nouvelle
1217 4263 1352 4343 reponse
1382 4284 1444 4324 aux
1474 4265 1584 4326 lettres
1615 4284 1685 4345 pro·

1041 4372 1202 4433 vinciales.
1218 4372 1316 4434 Decr.
1330 4371 1364 4432 S.
1384 4371 1445 4450 Off.
1458 4390 1498 4446 13
1509 4392 1579 4435 nov.
1593 4390 1683 4451 1703.

1084 4474 1328 4545 Conferencia
1343 4477 1470 4539 curiosa
1486 4477 1527 4539 de
1542 4477 1573 4538 la
1585 4498 1683 4539 asem-

1041 4586 1111 4647 blea
1141 4586 1293 4665 popular,
1319 4605 1381 4666 que
1411 4581 1554 4647 convoch
1584 4606 1624 4647 en
1653 4586 1684 4647 la

1039 4704 1152 4772 puerta
1176 4693 1229 4753 del
1244 4694 1293 4754 sol
1317 4691 1462 4754 Catalina
1476 4692 1558 4753 della
1576 4693 1682 4768 Parra,

1039 4799 1207 4878 explicada
1229 4820 1269 4861 en
1293 4818 1356 4859 una
1371 4810 1467 4873 carta,
1485 4819 1548 4879 qne
1562 4797 1685 4862 escrive

1039 4929 1058 4968 a
1082 4906 1229 4969 Emerico
1261 4907 1383 4969 Tekeli.
1417 4907 1516 4971 Decr.
1539 4926 1580 4968 11
1602 4913 1680 4990 sept.

1040 5020 1130 5092 1691.

1085 5120 1391 5189 Confermazione
1398 5122 1450 5184 del
1463 5122 1682 5202 ragionamen-

1040 5240 1075 5291 to
1099 5228 1226 5291 intorno
1249 5229 1279 5291 ai
1303 5229 1376 5292 beni
1400 5230 1567 5310 temporali
1599 5229 1682 5292 della
