4309 6534
390 750 453 798 xvi
950 749 1163 797 Pnnnnnrro.

392 958 527 1032 tendae
554 974 594 1032 et
611 959 715 1055 ipsae
732 959 962 1044 videbantur,
984 984 1029 1030 eo
1048 957 1108 1030 vel
1132 957 1252 1054 magis
1273 956 1359 1052 quia
1378 953 1579 1051 plerasque
1597 979 1731 1028 earum

391 1102 464 1177 iam
483 1102 623 1176 dudum
650 1099 786 1176 oblivio
810 1099 957 1175 delevit.
978 1144 1004 1155 -
1023 1100 1081 1174 Ea
1099 1114 1225 1173 autem
1253 1099 1391 1195 scripta
1410 1097 1598 1195 prohibita
1616 1122 1727 1194 quae,

391 1247 629 1344 quantumvis
652 1270 790 1344 parvae
809 1246 881 1318 sint
908 1244 1026 1333 molis,
1049 1242 1358 1340 qualemcumque
1386 1241 1456 1316 sibi
1479 1255 1627 1337 partem
1653 1241 1731 1316 vin·

392 1389 516 1463 dicant
543 1389 579 1462 in
602 1389 776 1464 historica
795 1387 985 1463 doctrinae
1013 1385 1247 1484 theologicae
1275 1399 1314 1459 et
1342 1384 1544 1460 catholicae
1571 1384 1729 1484 explica-

391 1534 492 1607 tione
528 1549 739 1629 temporum
776 1557 886 1605 cursu
923 1546 1094 1627 peracta,
1132 1529 1227 1603 hanc
1264 1530 1383 1626 ipsam
1420 1531 1470 1604 ob
1507 1554 1660 1604 causam
1692 1531 1730 1603 in

393 1674 516 1749 Indice
544 1690 690 1749 retenta
718 1689 814 1749 sunt.

473 1817 686 1893 Amandata
713 1819 865 1914 insuper
893 1817 1041 1892 luerunt
1069 1817 1193 1893 omnia
1213 1843 1256 1891 ea
1276 1842 1403 1913 opera,
1419 1840 1517 1912 quae
1537 1817 1626 1892 solis
1647 1818 1732 1891 Ma-

393 1963 499 2061 gistri
527 1962 565 2037 S.
596 1962 724 2037 Palatii
751 1963 896 2047 edictis,
929 1961 1079 2037 saeculo
1107 1962 1252 2036 decimo
1279 1961 1440 2058 septimo
1472 1962 1727 2048 adolescente,

394 2104 578 2203 prohibita
592 2104 755 2194 luerunt;
775 2150 801 2158 -
820 2119 1016 2201 praeterea
1030 2103 1091 2178 illa
1105 2104 1152 2178 de
1173 2105 1308 2198 quibus
1324 2106 1405 2200 ipsa
1420 2103 1459 2181 S.
1473 2104 1731 2204 Congregatio

393 2249 524 2323 Indicis
552 2249 777 2346 quandoque
797 2251 970 2337 decrevit,
992 2248 1112 2322 omitti
1131 2274 1244 2345 posse
1264 2263 1329 2322 aut
1347 2248 1485 2322 debere
1504 2249 1540 2322 in
1560 2249 1731 2346 proximo

392 2391 564 2478 decreto;
593 2435 620 2444 -
648 2417 791 2465 necnon
820 2390 903 2464 illae
936 2392 1111 2487 antiquae
1149 2391 1387 2466 collectiones
1424 2389 1728 2481 declarationum,

394 2532 632 2616 decisionum,
663 2533 1008 2628 interpretationum
1036 2532 1074 2606 S.
1107 2533 1424 2631 Congregationis
1449 2532 1614 2619 Concilii‚
1635 2560 1733 2632 quas

395 2675 487 2748 haec
514 2674 646 2749 eadem
674 2675 712 2750 S.
744 2674 998 2772 Congregatio
1026 2675 1178 2749 decreto
1207 2676 1279 2749 diei
1313 2701 1359 2768 29
1394 2703 1471 2774 apr.
1509 2683 1602 2751 1621
1644 2703 1734 2776 pro-

396 2820 606 2916 scripserat.
624 2816 813 2932 ·Quamvis
841 2817 938 2892 enim
967 2818 1118 2893 decreta
1146 2820 1181 2891 in
1210 2820 1267 2893 his
1296 2819 1575 2895 collectionibus
1604 2821 1731 2908 relata,

396 2986 442 3035 eo
465 2959 547 3034 solo
565 2959 668 3057 quod
695 2960 731 3033 in
761 2984 888 3033 earum
916 2960 1039 3058 aliqua
1067 2963 1309 3049 inveniantur,
1331 2963 1543 3038 authentica
1562 2964 1734 3040 habenda

397 3127 471 3178 non
498 3104 590 3189 sint,
621 3118 746 3177 tamen
778 3104 858 3199 ipsa
887 3102 1113 3179 collectanea
1150 3106 1261 3179 hodie
1299 3105 1456 3180 utilitate
1499 3133 1574 3180 non
1606 3133 1733 3183 carere

396 3247 646 3320 existimatum
675 3263 744 3323 est.
768 3249 946 3322 Ceterum
975 3248 1021 3323 de
1041 3248 1149 3323 huius
1177 3250 1327 3347 generis
1355 3250 1591 3325 collectaneis
1619 3252 1734 3349 impo-

397 3406 538 3466 sterum
566 3389 740 3465 faciendis
769 3392 860 3465 satis
888 3393 1079 3488 provisum
1107 3409 1166 3467 est
1198 3417 1231 3469 n.
1266 3417 1311 3486 33
1344 3395 1592 3469 Decretorum
1621 3420 1732 3494 gene·

398 3534 538 3611 ralium.

452 3677 620 3774 Contigit
655 3678 855 3776 aliquando
888 3679 923 3752 in
960 3680 1121 3755 lndicem
1161 3679 1287 3755 referri
1324 3683 1483 3777 primum
1513 3699 1578 3758 aut
1610 3686 1734 3782 priora

397 3820 584 3895 volumina
602 3820 756 3894 alicuius
776 3824 910 3918 operis,
933 3824 1035 3896 euius
1055 3824 1265 3919 posteriora
1284 3823 1372 3896 illud
1396 3825 1586 3898 decretum
1610 3825 1735 3921 prohi-

397 3964 545 4038 bitionis
565 3964 600 4035 in
619 3963 738 4038 lucem
759 3966 941 4061 publicam
971 3984 1100 4041 secuta
1118 3984 1220 4054 sunt;
1249 4012 1276 4021 -
1304 3985 1369 4042 aut
1388 3968 1568 4065 proscribi
1590 3967 1734 4044 libellos

397 4106 604 4202 periodicos
642 4109 705 4203 qui
742 4124 876 4203 postea
912 4109 1114 4182 identidem
1152 4110 1355 4184 continuati
1392 4112 1556 4198 luerunt;
1586 4156 1613 4166 -
1645 4112 1733 4186 item

398 4248 521 4322 omnia
548 4272 663 4344 opera
690 4248 876 4345 prohiberi
903 4250 1055 4332 alicuius
1084 4252 1285 4347 scriptoris,
1314 4253 1375 4348 qui
1404 4268 1491 4351 post
1519 4270 1733 4327 emanatum

399 4391 473 4465 tale
500 4392 691 4464 decretum
719 4392 790 4465 alia
818 4417 934 4488 opera
954 4393 1078 4468 edidit.
1102 4395 1142 4466 ln
1170 4395 1340 4468 omnibus
1370 4395 1427 4478 his
1456 4395 1602 4470 casibus
1630 4397 1735 4471 volu·

400 4536 498 4610 mina
534 4536 593 4610 vel
629 4535 738 4610 libelli
774 4536 833 4610 vel
870 4524 985 4633 opera
1018 4554 1107 4634 post
1141 4537 1309 4611 ultimum
1343 4540 1533 4613 decretum
1575 4540 1734 4638 speciale

400 4678 585 4776 evulgata,
613 4680 782 4776 quamvis
811 4682 963 4754 decreto
988 4681 1050 4755 illo
1078 4683 1226 4780 speciali
1256 4709 1329 4756 non
1359 4684 1732 4780 comprehendantur,

399 4838 525 4898 tamen
561 4840 738 4921 suspecta
770 4825 971 4913 habentur,
1000 4843 1039 4901 et
1071 4828 1107 4899 in
1141 4828 1279 4902 decreti
1317 4828 1468 4903 alicuius
1497 4855 1544 4903 cx
1579 4856 1735 4928 genera·

399 4966 494 5040 libus
528 4967 810 5063 prohibitionem
847 4968 1009 5043 incidere
1045 4971 1179 5045 merito
1212 4989 1510 5069 praesumuntur,
1542 4974 1611 5048 nisi
1640 4972 1734 5048 sorte

400 5106 448 5182 de
474 5108 637 5184 auctoris
665 5110 918 5207 resipiscentia
946 5127 1104 5188 constet.
