4309 6534
922 823 1092 880 Pri-Pro
1635 833 1688 889 2⁴5

319 1035 387 1097 tion
409 1035 447 1097 oi
464 1033 519 1097 the
541 1032 596 1095 old
618 1033 682 1095 and
710 1032 766 1096 the
788 1053 856 1095 new
879 1045 976 1097 testa·
1035 1030 1142 1095 Cristo
1166 1045 1320 1096 mostrata
1344 1031 1426 1094 nella
1449 1052 1507 1094 sua
1533 1050 1609 1093 vera
1630 1031 1694 1092 ori-

320 1152 407 1205 ment
430 1141 462 1202 in
485 1140 541 1204 the
556 1140 680 1219 history
696 1140 734 1201 oi
744 1140 799 1203 the
813 1142 896 1221 Jews
910 1143 974 1204 and
1035 1140 1111 1218 gine
1121 1160 1139 1202 e
1151 1140 1343 1219 grandezza;
1357 1138 1622 1219 contemplazioni
1638 1138 1692 1200 de·

320 1246 556 1327 neighbouring
582 1247 708 1310 nations
738 1248 820 1310 from
843 1248 898 1311 the
921 1248 977 1311 de-
1035 1247 1141 1310 dicate
1169 1247 1235 1326 agli
1258 1248 1377 1309 amanti
1402 1246 1485 1308 della
1508 1244 1693 1307 medesima.

320 1354 459 1417 dension
481 1355 519 1417 oi
536 1354 590 1416 the
617 1353 793 1432 kingdoms
823 1356 861 1418 oi
878 1355 976 1418 Israel
1038 1353 1137 1419 Decr.
1159 1354 1195 1418 S.
1217 1353 1279 1437 Off.
1305 1375 1324 1431 9
1345 1360 1423 1436 sept.
1448 1358 1544 1434 1875.
1568 1374 1598 1416 v.
1623 1350 1694 1414 Pio

318 1462 382 1524 and
408 1462 515 1542 Judah
545 1472 579 1524 to
609 1460 665 1524 the
695 1460 772 1524 time
801 1461 840 1523 oi
856 1459 974 1527 Christ.
1037 1460 1079 1523 da
1103 1461 1261 1540 Bologna.

320 1568 429 1631 Donec
453 1572 577 1648 corrig.
609 1568 707 1631 Decr.
735 1571 776 1629 18
798 1570 857 1632 iul.
881 1588 976 1650 1729:
1005 1582 1006 1587 ’
1080 1566 1279 1636 ΡτοδΙὲωε
1302 1565 1541 1648 ecelesiastique
1556 1562 1695 1646 propose

320 1693 359 1736 21
382 1697 452 1740 nov.
476 1694 566 1755 1729.
1035 1675 1055 1739 a
1079 1697 1120 1739 m.
1143 1673 1248 1738 l’abue
1265 1675 1393 1738 Boileau
1409 1675 1450 1737 de
1465 1670 1692 1736 l'archevechd:

365 1782 568 1861 Prideaux‚
585 1770 751 1847 Iohannes.
770 1783 877 1863 Opera
891 1784 977 1847 theo
1035 1782 1054 1845 a
1080 1783 1135 1863 qui
1167 1780 1232 1845 l'on
1263 1783 1333 1844 doit
1363 1782 1465 1845 croire
1496 1782 1537 1843 de
1564 1779 1695 1842 messire

318 1889 443 1968 logica,
469 1909 551 1971 quae
585 1889 683 1952 latine
714 1902 834 1964 extant,
858 1891 975 1954 omnia.
1036 1889 1135 1951 Louis
1158 1890 1235 1952 Ant.
1259 1890 1300 1951 de
1328 1889 1484 1962 Noailles‚
1509 1886 1631 1968 &vique
1653 1886 1695 1947 de

319 1996 416 2060 Decr.
441 2002 460 2059 6
482 1998 545 2060 dec.
573 2001 663 2076 1678.
1037 1993 1178 2059 Chilons
1211 2017 1251 2058 en
1284 2001 1379 2071 1695,
1416 2016 1458 2058 ou
1494 1996 1535 2057 de
1564 1994 1695 2057 meesire

363 2100 490 2170 Priore
506 2122 588 2182 pour
604 2104 779 2165 demandet
804 2103 923 2167 hDieu
945 2105 976 2167 la
1037 2103 1137 2166 Louis
1159 2104 1237 2167 Ant.
1262 2104 1303 2165 de
1326 2103 1465 2166 Noailles
1495 2101 1696 2182 archeveque

319 2207 415 2288 grice
431 2208 527 2272 d'une
543 2207 697 2272 vdritable
706 2224 740 2272 et
755 2210 888 2290 pariaite
903 2231 975 2274 con·
1036 2212 1077 2273 de
1101 2210 1189 2271 Paris
1211 2230 1251 2272 en
1283 2215 1376 2284 1696.
1393 2210 1491 2273 Decr.
1517 2207 1555 2274 S.
1585 2209 1648 2291 Off.
1674 2227 1696 2270 2

320 2317 456 2381 version.
488 2317 586 2379 Decr.
617 2316 653 2380 S.
683 2316 747 2399 Off.
769 2318 842 2397 ser.
879 2318 914 2383 V.
937 2337 977 2395 23
1036 2317 1508 2398 iun.17oo.v.Monnier,
1538 2317 1694 2381 Hilarion.

318 2432 391 2504 apr.
415 2428 510 2502 1654.
534 2444 564 2487 v.
581 2424 633 2486 Le
653 2424 760 2505 Roy,
786 2425 975 2487 Guillaume.
1079 2423 1275 2492 Probleme
1302 2424 1480 2506 historique
1496 2425 1552 2505 qui
1574 2424 1631 2486 des
1650 2421 1696 2505 je-

364 2529 536 2596 Primam
558 2531 631 2611 (de)
660 2532 782 2593 romani
806 2532 974 2611 pontificis.
1035 2532 1134 2594 suites
1158 2552 1200 2593 ou
1231 2532 1272 2593 de
1295 2532 1417 2594 Luther
1447 2545 1482 2593 et
1505 2529 1617 2594 Calvin
1639 2542 1695 2594 ont

320 2637 421 2715 Opus,
447 2637 536 2699 cuius
560 2658 676 2717 scopus
691 2650 740 2700 est
757 2639 976 2702 demonstrare
1034 2638 1063 2700 le
1087 2639 1159 2718 plus
1190 2636 1259 2700 nuit
1289 2637 1309 2701 a
1338 2636 1460 2718 l’kglise
1490 2637 1694 2701 chretienne?

319 2745 490 2822 primatum
504 2745 625 2807 romani
641 2746 782 2825 episcopi
800 2746 881 2809 inter
896 2745 976 2809 alios
1036 2781 1054 2793 -
1081 2748 1126 2808 La
1156 2747 1296 2810 solution
1319 2749 1360 2808 de
1387 2768 1423 2808 ce
1453 2744 1615 2827 probleme
1639 2744 1695 2807 dd-

318 2851 485 2930 episcopos
519 2851 639 2914 nullum
675 2852 734 2914 nisi
766 2853 975 2916 honorificum
1035 2855 1184 2918 couvrira
1199 2856 1229 2916 la
1245 2852 1399 2917 veritable
1411 2875 1506 2916 cause
1518 2854 1575 2916 des
1587 2872 1693 2927 maux,

317 2978 397 3031 esse,
413 2973 446 3020 et
463 2958 550 3020 iilum
566 2959 738 3038 primatum
755 2980 813 3022 nec
832 2960 975 3022 divinum
1035 2963 1091 3045 qui
1115 2962 1257 3041 affligent
1278 2960 1402 3040 l’dglise
1425 2974 1457 3025 et
1487 2963 1516 3023 le
1540 2979 1693 3041 royaume

319 3085 376 3126 nec
400 3065 627 3129 iurisdictionis
641 3086 721 3131 esse.
738 3067 837 3131 Decr.
853 3072 893 3129 16
910 3068 975 3132 rim.
1035 3071 1076 3132 de
1100 3071 1221 3131 France
1245 3081 1277 3131 et
1300 3070 1330 3131 le
1353 3069 1421 3131 seul
1437 3090 1553 3150 moyen
1569 3052 1695 3130 efficace

318 3190 407 3251 1770.
432 3194 461 3236 v.
486 3172 620 3248 Pinel,
645 3175 685 3237 N.
1036 3174 1135 3258 qu’on
1158 3178 1264 3257 puisse
1287 3177 1424 3255 prendre
1446 3196 1528 3255 pour
1550 3175 1595 3237 les
1618 3174 1696 3237 faire

363 3277 559 3360 Principes
574 3280 651 3359 (les)
667 3281 708 3342 de
729 3287 770 3354 89
794 3295 827 3343 et
849 3282 880 3343 la
904 3282 978 3344 doc·
1036 3303 1152 3347 cesset.
1171 3284 1268 3347 Decr.
1285 3284 1320 3347 S.
1342 3282 1406 3364 Off.
1419 3283 1485 3361 ser.
1507 3280 1541 3346 V.
1559 3300 1599 3361 17
1614 3282 1698 3343 maii

319 3385 399 3446 trine
422 3385 613 3465 catholique,
638 3405 696 3465 par
722 3407 765 3449 un
797 3389 977 3466 professeur
1037 3409 1134 3472 1759.
1158 3412 1188 3455 v.
1213 3390 1416 3465 Mesnier,
1441 3392 1481 3454 N.

319 3492 359 3552 de
390 3492 493 3570 grand
524 3490 700 3557 sdminaire.
733 3494 831 3558 Dect.
861 3503 974 3576 3apr.

319 3601 408 3662 1862.
434 3620 463 3663 v.
488 3599 678 3675 Godard,
708 3599 806 3665 Ldon,

363 3704 552 3788 Principia
579 3707 657 3768 iuris
688 3708 808 3787 publici
830 3708 978 3771 ecclesia-

318 3812 388 3874 stici
416 3814 648 3876 catholicorum
679 3815 721 3876 ad
753 3828 873 3879 statum
897 3816 977 3879 Ger·

319 3920 441 3982 maniae
449 3922 657 3983 accomodata
669 3922 701 3984 in
714 3943 807 3985 usum
816 3937 975 4004 tyronum.

320 4026 417 4089 Decr.
446 4046 486 4087 11
512 4034 590 4110 sepi.
620 4046 714 4107 1750.
747 4049 776 4093 v.
813 4032 843 4091 N
851 4031 975 4106 eller,

318 4132 478 4212 Georgius
502 4134 766 4215 Christophorus.

364 4239 511 4321 Prisca,
533 4243 618 4305 ossia
640 4243 671 4304 la
694 4246 919 4323 protomartire
943 4246 977 4307 di

320 4348 441 4422 Roma,
456 4363 606 4412 racconto
621 4363 843 4414 strettamente
857 4354 978 4415 storico

321 4455 372 4516 del
395 4455 499 4534 primo
522 4457 628 4519 secolo
642 4457 725 4519 della
742 4458 849 4519 chiesa
872 4479 928 4539 per
939 4461 976 4524 B.

321 4562 360 4623 N.
379 4563 414 4625 B.
442 4563 539 4627 Decr.
564 4582 603 4640 13
627 4568 695 4628 iun.
720 4570 815 4643 1865.
844 4587 874 4631 v.
899 4569 977 4629 Ne-

321 4670 454 4746 groni,
479 4671 685 4736 Bernardin0.

364 4776 514 4857 priuos,
532 4777 701 4856 Georgius.
716 4780 829 4843 Oratio
847 4782 976 4861 inaugu-

321 4884 412 4958 ralis‚
438 4885 565 4964 Lipsiae
600 4890 694 4959 1699.
718 4887 815 4952 Decr.
848 4888 882 4952 S.
913 4890 975 4972 Off.

320 4994 436 5072 8apr.
461 4998 550 5069 1699.

364 5098 521 5180 Pritoni,
537 5100 695 5164 Giovanni
712 5103 849 5165 Battista
866 5100 975 5189 [pseu-

319 5203 505 5293 donymusJ.
519 5208 636 5271 Anima
648 5209 829 5273 santissima
841 5211 875 5273 di
887 5208 973 5275 Genii

1082 3495 1221 3565 Proces
1252 3510 1364 3561 contre
1386 3497 1431 3559 les
1451 3495 1584 3579 jesuites
1614 3516 1696 3577 pour

1036 3606 1139 3667 servir
1162 3607 1203 3668 de
1226 3605 1310 3668 suite
1331 3626 1395 3667 aux
1411 3625 1522 3667 causes
1544 3602 1693 3670 celebres.

1039 3712 1137 3777 Decr.
1170 3731 1210 3773 11
1240 3718 1337 3777 mart.
1369 3730 1465 3792 1754.
1496 3733 1526 3776 v.
1550 3712 1692 3792 Jouin,

1038 3820 1178 3883 Nicolas.

1082 3927 1315 3994 Prodromus
1334 3928 1478 4007 corporis
1498 3927 1689 4007 theologiae,

1037 4054 1103 4115 quo
1126 4048 1194 4097 tota
1218 4036 1291 4097 fidei
1322 4056 1508 4098 aemorum
1537 4036 1691 4111 doctrina,

1038 4141 1181 4217 historia,
1196 4142 1269 4205 item
1288 4143 1455 4223 prophetia
1475 4143 1629 4206 methodo
1641 4163 1694 4223 pa·

1037 4248 1114 4311 riter
1135 4263 1167 4312 et
1191 4251 1296 4313 verbis
1319 4251 1418 4312 sacris
1445 4251 1619 4313 secundum
1643 4270 1694 4313 ve-

1038 4375 1108 4417 rum
1139 4357 1179 4420 V.
1211 4357 1248 4420 T.
1280 4357 1405 4439 illisque
1432 4358 1691 4437 respondentium

1037 4464 1077 4525 N.
1113 4463 1227 4525 seriem
1263 4465 1465 4528 multifariam
1497 4480 1690 4531 asseruntur.

1038 4569 1136 4634 Decr.
1160 4574 1200 4632 18
1215 4570 1304 4649 febr.
1329 4591 1417 4651 1704.

1082 4677 1264 4758 Progetto
1288 4679 1320 4739 di
1337 4679 1466 4741 riiorma
1483 4678 1692 4760 dell'obbligo

1038 4786 1091 4847 del
1115 4785 1248 4864 digiuno
1279 4786 1311 4847 in
1334 4801 1454 4867 quanto
1485 4788 1639 4867 riguarda
1660 4789 1691 4851 la

1036 4893 1157 4974 qualith
1180 4913 1199 4954 e
1221 4894 1252 4954 la
1276 4893 1420 4974 quantith
1444 4893 1495 4957 dei
1519 4896 1581 4958 cibi
1603 4895 1693 4958 umil-

1036 5014 1141 5062 mente
1165 5000 1351 5063 indirizzato
1373 5022 1392 5061 a
1415 5001 1449 5065 S.
1466 5004 1499 5066 S.
1521 5002 1542 5064 il
1565 5022 1690 5066 sommo

1036 5106 1192 5184 pontefice
1215 5121 1377 5186 regnante.
1403 5109 1500 5174 Decr.
1525 5127 1564 5186 31
1593 5116 1690 5173 mart.

1034 5219 1126 5293 1788.
1139 5235 1169 5279 o.
1179 5212 1345 5286 Catani.
1362 5217 1538 5280 Francesco
1548 5216 1691 5283 Saverio.
