4309 6534
399 786 451 837 170
994 776 1047 830 Ina
1066 806 1081 816 ·
1100 776 1155 831 120

437 1016 482 1029 -
497 1003 526 1047 v.
544 983 712 1046 Lettres
732 984 909 1065 pastorales
920 985 1051 1047 addres-

392 1086 461 1152 sees
484 1110 547 1152 aux
569 1088 680 1154 fideles
704 1091 745 1153 de
768 1093 900 1157 France.

436 1232 481 1245 -
503 1218 533 1263 v.
557 1197 1052 1263 Rtslexionssurlaerueue

393 1302 604 1386 perseeution.

436 1412 500 1479 Ius
517 1413 685 1492 Belgarum
701 1414 786 1476 circa
801 1414 958 1477 bullarum
975 1434 1051 1495 pon·

398 1519 567 1583 tiliciarum
581 1520 913 1601 receptionemDecr.
930 1521 964 1587 S.
985 1522 1048 1604 Off.

385 1628 455 1706 ser.
490 1627 523 1692 V.
546 1645 587 1705 23
612 1636 685 1709 apr.
717 1634 811 1707 1654.
844 1650 872 1693 v.
897 1630 1049 1692 Stock-

392 1754 521 1810 mans,
546 1736 669 1800 Petrus.

434 1842 498 1909 Ius
520 1842 672 1924 (nullum)
687 1843 847 1923 pontificis
864 1843 994 1906 maximi
1015 1842 1046 1906 in

391 1968 492 2027 regno
507 1949 724 2029 neapolitano;
741 1949 925 2014 dissertatio
949 1952 1046 2014 histo

391 2055 615 2121 ricoiuridica.
647 2056 745 2121 Dect.
777 2076 817 2134 23
844 2064 923 2139 sept.
955 2076 1045 2138 1710.

391 2183 420 2227 v.
446 2163 662 2239 Caravita,
688 2161 831 2230 Niccolb.

436 2271 628 2351 Iustellus,
651 2272 914 2354 Christophorus.
934 2295 964 2337 v.
989 2272 1048 2336 Bl-

393 2378 490 2460 βλος
514 2376 651 2441 κανόνων
672 2389 730 2453 τῆς
746 2381 917 2455 exsoluam
938 2381 1049 2452 ἐκκλη-

396 2484 474 2557 σίας.

434 2591 658 2660 Iustificatio
702 2614 837 2675 praxeos
883 2607 1047 2676 pastorum

390 2698 589 2780 aliorumque
612 2713 805 2777 curatorum,
831 2723 895 2783 qua
918 2722 1048 2764 consue·

389 2818 506 2869 verunt
516 2808 637 2886 populo
649 2828 828 2888 proponere
836 2820 959 2889 septem
972 2809 1045 2871 fidei

1150 986 1173 1069 J
1175 982 1408 1052 ustification
1432 984 1473 1046 de
1492 985 1538 1046 sra
1555 984 1654 1047 Paolo
1668 984 1773 1066 Sarpi

1111 1110 1152 1153 ou
1175 1091 1286 1154 lettres
1314 1088 1391 1153 d'un
1417 1089 1524 1171 pritre
1548 1090 1656 1154 italien
1679 1089 1701 1153 a
1725 1111 1773 1153 un

1111 1197 1279 1277 magistrat
1306 1197 1441 1281 srancais
1469 1218 1525 1260 sur
1547 1198 1577 1260 le
1602 1194 1773 1261 caractere

1110 1317 1143 1368 et
1161 1305 1207 1368 les
1231 1306 1405 1368 sentimens
1430 1305 1470 1367 de
1492 1315 1542 1368 cet
1564 1306 1697 1367 homme
1721 1302 1773 1367 ce·

1109 1408 1205 1477 lehre.
1237 1413 1334 1477 Decr.
1359 1430 1400 1472 22
1423 1414 1484 1477 dec.
1516 1417 1606 1491 1817.
1631 1433 1660 1476 v.
1688 1412 1772 1474 De·

1109 1518 1223 1597 gola,
1247 1519 1418 1583 Eustache.

1145 1625 1406 1710 Justification
1433 1627 1476 1688 du
1501 1626 1617 1689 silence
1641 1647 1772 1708 respec-

1109 1746 1205 1796 tueux
1228 1754 1270 1796 ou
1298 1733 1433 1815 repense
1463 1754 1524 1796 aux
1555 1734 1771 1797 instructions

1108 1842 1285 1922 pastorales
1301 1854 1333 1905 et
1345 1853 1451 1905 autres
1466 1840 1563 1904 ecrits
1579 1842 1619 1903 de
1635 1862 1677 1907 m.
1696 1841 1772 1905 l'ar·

1107 1947 1269 2030 cheveque
1286 1949 1327 2012 de
1342 1950 1511 2029 Cambray.
1529 1950 1627 2014 Decr.
1644 1950 1679 2013 S.
1702 1950 1770 2032 Off.

1107 2075 1147 2135 23
1168 2064 1241 2139 apr.
1265 2076 1354 2138 1709.
1386 2079 1415 2122 v.
1443 2058 1470 2119 F
1478 2057 1659 2133 ouillou,
1697 2059 1771 2138 Jac-

1108 2185 1198 2246 ques.

1152 2270 1307 2338 lustitia
1329 2283 1360 2334 et
1376 2271 1494 2333 veritas
1509 2271 1671 2334 vindicata
1688 2291 1769 2334 con·

1108 2389 1157 2440 tra
1186 2378 1359 2440 calumnias
1391 2390 1423 2441 et
1452 2377 1621 2452 falsitates,
1646 2377 1768 2459 quibus

1107 2497 1208 2547 scatet
1238 2483 1389 2564 apologia
1420 2485 1522 2565 patris
1553 2484 1707 2547 Desirant
1733 2483 1768 2548 in

1107 2590 1155 2665 iis,
1180 2612 1262 2673 quae
1277 2605 1473 2656 concernunt
1489 2593 1647 2675 quosdam
1670 2613 1768 2672 supe·

1107 2698 1207 2763 riores
1230 2700 1465 2763 carmelitarum
1495 2700 1765 2763 discalceatorum

1106 2807 1189 2869 circa
1205 2818 1312 2889 patres
1328 2807 1529 2887 Leopoldum
1542 2819 1575 2871 et
1585 2808 1765 2888 Sylvanum

390 2924 509 2993 puncta
532 2927 697 2995 tamquam
713 2916 873 2979 credenda
896 2916 1046 2996 explicite
1104 2914 1248 2977 eiusdem
1282 2915 1405 2977 ordinis
1444 2915 1621 2994 religiosos.
1662 2915 1764 2981 Decr.

390 3040 428 3083 ac
440 3023 620 3085 necessario
631 3024 819 3087 necessitate
831 3023 937 3087 medii.
948 3024 1044 3087 Decr.

391 3126 514 3206 psebr.
539 3134 627 3207 1683.
651 3152 680 3195 v.
705 3131 905 3211 Cuypers.

428 3234 689 3318 Justification
712 3238 753 3300 de
775 3238 806 3300 la
830 3236 981 3300 memoire
1004 3238 1045 3300 de

1106 3021 1499 3103 Sfflflmma

1147 3124 1246 3193 *lvo
1259 3129 1475 3193 Carnotensis.
1491 3129 1665 3209 Epistolae;
1679 3129 1764 3193 eius·

1104 3234 1177 3296 dem
1201 3234 1375 3296 chronicon
1400 3234 1440 3296 de
1467 3234 1597 3313 regibus
1622 3234 1763 3298 Franco·

392 3362 433 3407 m.
458 3342 564 3405 Pierre
580 3344 702 3419 Codde‚
720 3344 919 3426 archeveque
934 3346 976 3407 de
991 3343 1044 3407 Se
1103 3361 1184 3405 rum.
1210 3342 1322 3403 Donec
1335 3345 1457 3420 corrig.
1475 3346 1568 3404 nolae
1589 3362 1609 3403 a
1633 3342 1763 3403 Fran·

390 3451 497 3525 haste,
523 3450 641 3514 vicaire
668 3452 870 3534 apostolique
894 3453 974 3515 dans
997 3452 1043 3515 les
1103 3449 1217 3512 cisco
1248 3449 1393 3510 Iureto
1423 3450 1571 3513 adiectae.
1595 3448 1694 3514 Decr.
1720 3467 1762 3509 12

389 3559 668 3638 provinces-unies,
686 3574 796 3625 contre
813 3582 854 3624 un
870 3559 979 3623 decret
1002 3561 1043 3623 de
1098 3555 1183 3634 sehr.
1209 3562 1302 3625 1611:
1324 3573 1365 3634 27
1389 3556 1474 3616 maii
1493 3561 1582 3633 1614.

390 3662 411 3726 l'
420 3665 607 3746 inquisition
631 3668 675 3730 du
696 3686 732 3748 14
756 3668 1041 3745 ianvier1711en

1146 3664 1307 3743 Izoulet,
1329 3664 1416 3743 Jean.
1439 3664 1485 3726 La
1508 3661 1571 3726 cite
1594 3663 1760 3729 moderne.

390 3773 475 3836 deux
491 3776 620 3855 parties.
637 3777 734 3840 Decr.
753 3776 786 3841 S.
810 3777 871 3858 Off.
888 3782 927 3837 16
943 3781 1040 3839 mart.
1101 3771 1349 3853 Metaphysique
1361 3771 1402 3834 de
1413 3773 1444 3833 la
1460 3772 1645 3851 sociologie.
1658 3773 1759 3838 Decr.

390 3897 479 3960 1712.
504 3902 533 3944 v.
559 3879 793 3962 Petitpied,
818 3881 958 3946 Nicolas.

1100 3889 1119 3945 6
1143 3884 1205 3947 dec.
1233 3887 1293 3958 189
1295 3897 1329 3959 5.
