4309 6534
893 841 1013 887 ieonis
1036 842 1152 888 rnrnn
1172 842 1242 887 xm.
1710 822 1747 887 17

397 1041 568 1125 dignitate
588 1043 703 1108 virum
727 1042 842 1126 sigillo
862 1043 1020 1125 munitiS,
1045 1045 1170 1110 eadem
1190 1044 1360 1108 habeatur
1382 1043 1470 1108 fides
1490 1060 1580 1126 quae
1610 1048 1751 1106 nostrae

395 1177 588 1243 voluntatis
608 1179 851 1263 significationi
871 1180 925 1245 his
945 1181 1186 1264 praesentibus
1206 1180 1355 1246 ostensis
1375 1181 1571 1245 haberetur.

479 1314 573 1379 Nulli
593 1335 678 1400 ergo
699 1317 878 1381 hominum
898 1318 1002 1381 liceat
1023 1318 1114 1382 hanc
1134 1317 1298 1400 paginam
1315 1325 1456 1381 nostrae
1487 1314 1750 1395 constitutionis

395 1450 639 1532 ordinationis,
665 1452 893 1533 limitationis
919 1452 1169 1536 derogationis,
1194 1452 1385 1516 voluntatis
1408 1450 1612 1533 infringere,
1637 1450 1695 1513 vel
1720 1448 1752 1513 ei

393 1601 486 1648 ausu
507 1585 693 1649 temerario
713 1586 896 1651 contraire.
924 1586 960 1651 Si
987 1586 1064 1668 quis
1085 1595 1203 1650 autem
1231 1586 1298 1649 hoc
1325 1594 1499 1649 attentare
1515 1601 1752 1666 praesumpse

393 1720 450 1800 rit,
472 1720 747 1805 indignationem
766 1705 1012 1805 omnipotentis
1032 1720 1099 1786 Dei
1119 1731 1155 1786 et
1182 1722 1365 1786 beatorum
1385 1719 1479 1785 Petri
1499 1729 1534 1784 et
1555 1720 1655 1784 Pauli
1673 1738 1751 1802 apo

393 1856 567 1919 stolorum
589 1857 663 1921 eius
683 1876 722 1922 se
742 1856 878 1922 noverit
898 1856 1131 1921 incursurum.

477 1986 609 2052 Datum
629 1988 761 2053 Romae
785 1990 878 2072 apud
906 1998 1067 2053 sanctum
1087 1988 1229 2052 Petrum
1250 2004 1342 2050 anno
1367 1983 1618 2049 Incamationis
1645 1982 1751 2047 domi·

391 2123 497 2189 nicae
518 2125 701 2189 millesimo
722 2125 1010 2208 octingentesimo
1034 2123 1261 2207 nonagesimo
1282 2131 1400 2203 sexto,
1421 2140 1483 2185 vm
1505 2120 1581 2184 Kal.
1602 2120 1750 2184 Februa·

390 2259 475 2340 rias,
497 2259 723 2325 Pontificatus
743 2259 853 2325 nostri
874 2259 1009 2324 decimo
1030 2276 1132 2323 nono.

1341 2453 1385 2517 A.
1406 2452 1516 2519 enin.
1538 2453 1688 2519 Mnccffl.

538 2654 581 2719 A.
602 2655 723 2720 Pnrocr
743 2652 981 2720 Subdatarius.

1037 2886 1118 2951 Visa

666 3003 723 3069 DE
743 3002 858 3069 Cvmn
878 3002 903 3067 Ι.
924 3001 981 3067 Dr.
1002 3001 1143 3076 onnn
1163 3022 1187 3066 E
1208 3002 1489 3067 Vicnconmnvs.

475 3220 574 3284 Loco
594 3219 635 3303 ᾖ
655 3219 800 3284 Plumbi.
1432 3217 1455 3283 1.
1477 3217 1689 3283 Cvcnonws

735 3471 942 3554 Registrata
962 3471 1000 3535 in
1022 3470 1217 3536 secretaria
1237 3471 1418 3536 Brevt'um.
