4309 6534
429 1654 634 1723 Bacclnata
660 1672 759 1717 overo
784 1651 952 1715 battarella
975 1672 1032 1731 per

390 1762 416 1825 le
429 1761 483 1843 api
499 1760 670 1824 barberine
685 1759 718 1822 in
733 1758 935 1823 occasionem
948 1758 1033 1821 della

392 1889 495 1933 mosss
518 1868 602 1931 delle
623 1867 705 1930 armi
728 1866 761 1928 di
782 1888 814 1930 n.
831 1887 856 1931 s.
873 1887 958 1947 papa
974 1866 1033 1927 Ur·

391 1979 471 2041 bano
501 1988 616 2039 ottavo
646 1986 760 2039 contra
784 1975 907 2037 Parma.
933 1972 1032 2035 Decr.

391 2103 427 2146 11
454 2089 535 2166 sept.
567 2087 658 2148 1668.
690 2102 721 2148 o.
749 2080 1030 2153 Pallavicino,

392 2192 551 2254 Ferrante.

429 2296 866 2378 Bachimius,Am01dus.
898 2293 1033 2358 Pan-So-

392 2406 462 2486 phia
474 2403 667 2468 enchiretica
678 2423 734 2466 seu
747 2402 952 2484 philosophia
967 2402 1033 2463 uni·

393 2512 519 2574 versalis
554 2509 822 2593 experimentalis.
858 2509 958 2572 Decr.
993 2515 1034 2571 16

394 2624 486 2683 mart.
511 2622 603 2683 1688.

430 2724 580 2806 *Bm
595 2724 794 2789 Franciscus.
812 2725 862 2788 De
877 2723 1035 2804 dignitate

394 2845 421 2896 et
441 2832 624 2913 augmentis
657 2832 862 2896 scientiarum
890 2829 962 2894 libri
985 2847 1033 2894 rx.

394 2941 499 3004 Donec
520 2942 643 3021 com’g.
669 2940 768 3004 Decr.
795 2959 837 3018 ²4
859 2941 918 3003 iul.
943 2943 1033 3001 1668.

434 3046 656 3131 [Bagafolfi.
681 3047 870 3130 Giuseppe]‚
891 3067 921 3111 v,
945 3043 1035 3107 Ele.

396 3156 513 3217 menti
537 3154 623 3217 della
644 3154 867 3233 cosmografia.

428 3295 474 3309 -
495 3281 525 3326 v.
549 3260 695 3324 Storia
719 3260 803 3323 della
827 3260 971 3325 lilosofia.

431 3368 630 3453 Bagatelle
651 3368 712 3449 (la)
734 3389 777 3431 ou
805 3368 952 3431 discours
976 3368 1036 3431 iro

393 3475 510 3558 niques,
527 3472 570 3539 οὺ
594 3473 659 3538 l'on
672 3475 762 3557 prete
782 3477 840 3539 des
855 3476 1036 3557 sophismes

392 3582 559 3664 ingenieux
589 3606 631 3647 au
661 3586 731 3648 vice
761 3598 793 3648 et
823 3582 843 3646 t
871 3581 1036 3647 l’extrava·

393 3712 489 3771 gance
516 3712 601 3774 pour
630 3713 670 3756 en
699 3691 806 3755 mieux
832 3691 910 3755 faire
936 3692 1036 3755 sentir

392 3800 418 3862 le
446 3799 591 3863 ridicule.
625 3800 724 3864 Decr.
760 3817 807 3878 15
840 3802 907 3864 11111.
939 3817 1035 3880 1715.

393 3927 418 3971 o.
440 3906 528 3969 Van
552 3906 688 3983 Ellen,
710 3909 814 3989 Juste.

431 4016 622 4098 sugatta,
659 4014 819 4077 Giovanni
861 4013 1034 4077 Bonilacio.

393 4120 464 4185 Vita
488 4122 575 4185 della
590 4142 661 4186 ven.
678 4141 772 4185 serva
787 4122 821 4185 di
839 4121 904 4187 Dio
920 4122 1037 4185 Orsola

393 4229 574 4294 benincasa.
599 4229 699 4294 Decr.
723 4249 765 4308 13
790 4234 858 4295 iun.
883 4237 973 4312 1679.

432 4336 602 4418 Baierm,
625 4339 761 4402 Ioannes
784 4337 983 4402 Guilielmus.
1007 4358 1035 4401 v.

395 4443 621 4521 Cellarius,
635 4443 898 4527 christophorus.
914 4444 1037 4507 Disser-

395 4552 528 4616 tationes
552 4552 765 4616 academicae.

432 4659 588 4741 Baiuet,
619 4659 752 4725 Adrien.
783 4660 846 4723 Les
881 4659 948 4723 vies
980 4659 1037 4721 des

1144 1652 1306 1736 [Bamet
1325 1652 1473 1737 Adrien].
1497 1674 1527 1718 v.
1551 1651 1745 1717 Devotion

1099 1760 1156 1839 (de
1179 1758 1266 1841 11)1
1289 1760 1320 1823 11
1343 1762 1447 1824 sainte
1469 1760 1598 1841 Vierge.

1144 1867 1314 1949 Bainius,
1327 1869 1501 1932 Robertus.
1515 1868 1633 1948 Operis
1650 1868 1747 1931 histo·

1101 1974 1158 2038 rici
1188 1988 1221 2038 et
1250 1976 1470 2056 chronologici
1500 1976 1572 2040 libri
1605 1977 1687 2052 duo,
1714 1976 1747 2039 in

1100 2082 1217 2163 quibus
1252 2082 1385 2146 historia
1420 2104 1513 2146 sacra
1547 2095 1580 2146 et
1612 2083 1747 2165 profana

1100 2189 1328 2269 compendiose
1345 2190 1514 2253 deducitur
1529 2212 1569 2252 ex
1585 2190 1664 2271 ipsis
1680 2190 1748 2253 lon-

1102 2297 1188 2360 tibus
1218 2318 1238 2357 a
1268 2297 1429 2360 creatione
1459 2297 1570 2360 mundi
1597 2298 1640 2360 ad
1666 2296 1749 2360 Con·

1101 2404 1277 2467 stantinum
1295 2405 1460 2484 Magnum.
1479 2404 1578 2468 Decr.
1595 2411 1635 2468 16
1649 2410 1747 2469 mart.

1103 2516 1192 2575 1688.

1146 2617 1329 2701 *Bailly,
1353 2618 1547 2684 Ludovicus.
1570 2618 1750 2699 Theologia

1103 2725 1289 2804 dogmatica
1312 2738 1345 2788 et
1364 2725 1494 2789 moralis
1517 2727 1559 2788 ad
1583 2746 1676 2789 usurn
1703 2745 1750 2788 se·

1103 2832 1318 2897 minutiorum.
1335 2835 1445 2897 Donec
1467 2836 1590 2913 corrig.
1616 2834 1714 2897 Dect.
1730 2851 1750 2914 7

1102 2941 1165 3005 dcc.
1190 2945 1231 3004 18
1231 2957 1288 3019 52.

1146 3046 1317 3128 Baissac,
1337 3047 1436 3129 Jules.
1461 3048 1523 3109 Les
1546 3047 1686 3127 origines
1710 3046 1751 3110 de

1103 3154 1134 3217 la
1158 3154 1304 3234 religion.
1330 3156 1427 3219 Decr.
1456 3174 1497 3234 ²4
1519 3160 1618 3219 mart.
1643 3159 1735 3235 1877.

1147 3297 1192 3310 -
1216 3261 1360 3326 Histoire
1385 3262 1425 3324 de
1440 3262 1471 3324 la
1487 3261 1640 3325 diablerie
1664 3260 1752 3325 chre·

1105 3370 1220 3434 tienne.
1245 3371 1268 3432 1.
1303 3370 1348 3431 Le
1380 3368 1499 3444 diable;
1531 3368 1562 3431 la
1594 3388 1752 3449 personne

1104 3478 1148 3539 du
1172 3477 1295 3552 diable;
1319 3476 1350 3539 le
1373 3476 1541 3557 personnel
1565 3476 1609 3539 du
1633 3476 1748 3540 diable.

1104 3584 1203 3646 Decr.
1228 3603 1268 3661 14
1290 3585 1353 3647 dec.
1385 3586 1477 3646 1886.

1149 3689 1442 3772 Bajus,Michae1.
1459 3689 1578 3770 Opera,
1596 3709 1669 3752 cum
1684 3689 1753 3752 bul·

1105 3798 1143 3860 lis
1158 3797 1347 3878 pontificum
1362 3809 1396 3859 et
1411 3797 1482 3859 aliis
1498 3797 1598 3877 ipsius
1621 3816 1752 3859 causam

1103 3906 1324 3987 spectantibus
1348 3904 1491 3980 collecta,
1515 3915 1695 3985 expurgata
1718 3915 1752 3968 et

1105 4011 1260 4093 plurimis,
1278 4032 1361 4093 quae
1376 4013 1531 4075 hactenus
1548 4010 1750 4086 delituerant,

1105 4119 1268 4200 opusculis
1290 4131 1385 4181 aucta
1408 4118 1518 4181 studio
1541 4118 1582 4182 A.
1607 4118 1640 4182 P.
1665 4118 1753 4181 theo

1105 4227 1182 4307 logi.
1216 4228 1314 4290 Decr.
1345 4225 1380 4291 S.
1420 4225 1482 4306 Off.
1514 4226 1752 4306 8maii1697.

1106 4355 1135 4399 v.
1160 4334 1396 4409 Cerberon,
1421 4332 1562 4397 Gabriel.

1151 4441 1270 4522 Balbi,
1286 4441 1476 4520 Ambrogio.
1491 4439 1653 4521 Apologia
1669 4440 1753 4503 della

1105 4550 1240 4613 filosofia
1269 4561 1385 4611 contro
1417 4549 1448 4610 la
1478 4547 1693 4629 scrupolosith
1720 4548 1753 4611 di

1106 4657 1210 4719 alcuni
1242 4656 1365 4718 censori
1401 4656 1487 4735 degli
1523 4657 1621 4738 studj.
1655 4656 1754 4721 Decr.

395 4766 489 4829 saints
510 4786 591 4830 avec
613 4763 771 4830 l'histoire
792 4767 834 4829 de
857 4766 926 4828 leur
942 4765 1037 4845 culte,
1070 4729 1074 4824 i
1107 4786 1147 4828 11
1170 4767 1235 4828 dec.
1258 4770 1350 4827 1816.

397 4886 425 4935 et
445 4873 467 4936 l'
476 4872 612 4936 histoire
642 4872 700 4936 des
733 4885 842 4936 autres
872 4872 967 4936 sestes
999 4873 1039 4934 de

398 4976 523 5044 l’annee.
547 4980 640 5045 Tom.
656 4997 670 5043 1
688 4991 722 5044 et
741 4998 780 5056 11,
803 4985 973 5043 conterant
995 4982 1039 5042 les

398 5090 471 5151 noir
484 5088 788 5169 dejanvr’erwust.
805 5087 905 5152 Decr.
919 5105 945 5166 5
959 5094 1037 5169 sept.

401 5212 487 5277 1707:
509 5214 557 5275 15
583 5200 663 5279 sept.
687 5215 779 5277 1711.

1152 4873 1302 4947 Balbus
1329 4872 1555 4952 Hieronymus.
1581 4872 1635 4935 Ad
1659 4873 1755 4935 Caro

1106 4981 1173 5044 lum
1189 4979 1219 5039 V
1235 4979 1459 5060 imperatorem
1476 4980 1517 5042 de
1537 4979 1752 5043 coronatione.

1108 5088 1206 5151 Decr.
1230 5106 1271 5165 ²3
1294 5088 1352 5150 iul.
1379 5093 1470 5152 1611.

1152 5194 1383 5278 [Balthasar,
1398 5196 1520 5277 Joseph
1537 5195 1647 5258 Anton
1664 5193 1755 5256 Felix
