4309 6534
397 792 444 837 ΧΧ
955 792 1168 838 PRAEFATIO.

395 999 528 1086 minus
544 999 579 1072 in
598 1000 716 1073 forma
735 997 829 1072 illius
847 998 1006 1097 linguae,
1024 1022 1100 1094 qua
1118 997 1250 1073 librum
1270 996 1426 1094 scripsit.
1446 998 1555 1071 Hanc
1573 997 1735 1072 nominis

395 1142 620 1216 additionem
650 1141 783 1216 nullam
815 1141 883 1215 sibi
910 1141 984 1214 vim
1020 1139 1116 1238 legis
1148 1141 1355 1226 vindicare,
1387 1140 1455 1214 sed
1487 1139 1558 1214 soli
1585 1139 1735 1215 utilitati

395 1301 433 1358 et
461 1283 657 1360 commodo
683 1283 832 1359 lectoris
860 1283 1009 1371 servire,
1040 1282 1120 1379 ipse
1147 1281 1266 1357 lector
1292 1282 1390 1357 ultro
1418 1281 1627 1381 dignoscet.

476 1429 515 1500 Si
544 1429 579 1500 in
606 1427 713 1501 titulo
740 1427 893 1501 alicuius
912 1426 990 1501 libri
1009 1426 1081 1500 alia
1100 1427 1249 1500 nomina
1268 1427 1434 1525 (praeter
1453 1452 1589 1503 nomen
1606 1443 1734 1502 aucto·

396 1570 460 1667 ris)
488 1584 700 1655 occurrunt,
731 1569 791 1643 illa
819 1584 906 1643 tunc
938 1568 1070 1657 solum,
1101 1570 1178 1644 suis
1207 1595 1381 1667 quaeque
1413 1570 1515 1658 locis,
1543 1572 1581 1644 in
1609 1571 1734 1645 Indice

396 1728 633 1809 repetuntur,
664 1738 747 1786 curn
779 1712 828 1785 illi
860 1712 994 1809 quibus
1028 1712 1098 1787 hoc
1136 1738 1270 1787 nomen
1304 1729 1381 1800 est,
1416 1712 1510 1788 libro
1539 1712 1732 1810 principali

395 1856 579 1952 quaedam
607 1882 655 1930 ex
673 1855 831 1952 propriis
860 1855 1097 1941 addiderunt,
1118 1881 1215 1952 quae
1235 1872 1275 1929 et
1302 1857 1384 1953 ipsa
1402 1856 1732 1953 reprehensionem

395 1999 572 2073 meruisse
599 2000 771 2075 videntur
800 2000 871 2099 (ex.
893 2024 949 2097 gr.
981 1999 1213 2087 Abudacnus,
1247 2000 1417 2074 Historia
1444 1999 1730 2075 lacobitarum...

395 2168 478 2215 cum
506 2145 806 2220 annotationibus
835 2144 1034 2217 loannis
1072 2143 1285 2232 Nicolai,
1316 2143 1482 2242 vulgavit
1509 2143 1732 2242 Sigebertus

396 2284 708 2386 Havercampus).
736 2286 824 2380 Quo
853 2289 888 2361 in
913 2313 1001 2362 casu
1031 2289 1105 2363 tale
1130 2312 1266 2363 nomen
1294 2288 1331 2361 in
1358 2287 1441 2385 ipso
1460 2286 1567 2362 titulo
1586 2288 1733 2364 charac-

395 2428 534 2503 teribus
575 2430 705 2502 maiori
742 2431 863 2525 spatio
906 2429 1130 2502 distantibus
1172 2429 1434 2526 transcriptum
1474 2444 1542 2505 est.
1584 2429 1733 2504 Nomen

395 2588 520 2647 autem
548 2599 694 2661 eorum,
725 2575 789 2669 qui
816 2573 969 2648 alterius
1001 2573 1134 2647 librum
1166 2575 1301 2671 publici
1337 2589 1481 2649 tantum
1519 2575 1606 2649 iuris
1634 2575 1733 2651 fece-

397 2733 491 2804 mnt,
521 2718 609 2813 quin
637 2741 685 2791 ex
712 2717 871 2814 propriis
899 2716 1103 2814 quidquam
1132 2717 1351 2804 addiderint,
1383 2744 1504 2817 neque
1535 2719 1613 2793 suis
1641 2717 1732 2793 locis

395 2857 618 2955 repetenda,
649 2884 771 2956 neque
802 2860 837 2932 in
865 2858 970 2934 titulo
1008 2860 1124 2955 ipsius
1156 2860 1236 2934 libri
1265 2860 1538 2934 characteribus
1570 2859 1732 2957 peculia-

396 3004 497 3078 ribus
530 3003 792 3101 distinguenda
828 3028 914 3077 esse
948 3002 1178 3079 videbantur.
1214 3002 1360 3095 Quodsi
1396 3018 1523 3077 autem
1554 3028 1601 3076 ea
1632 3028 1732 3099 quae

396 3162 591 3242 corruptor
617 3145 751 3242 aliquis
783 3146 876 3221 libro
904 3148 1119 3241 ceteroquin
1156 3149 1255 3221 bono
1291 3145 1444 3233 addidit,
1474 3147 1580 3221 unica
1616 3171 1732 3221 causa

395 3287 552 3375 suerunt,
574 3316 638 3363 cur
656 3290 925 3387 prohiberetur,
943 3290 1023 3377 hoc,
1047 3316 1093 3365 ne
1112 3290 1147 3363 in
1167 3290 1429 3365 detrimentum
1449 3289 1611 3365 auctoris
1629 3290 1730 3365 inno

395 3435 511 3508 centis
547 3434 675 3523 cedat,
714 3461 881 3532 semper,
913 3435 981 3510 nisi
1013 3461 1081 3533 per
1109 3462 1150 3510 se
1182 3437 1230 3511 sit
1265 3437 1519 3523 manifestum,
1549 3462 1730 3536 expresse

394 3578 606 3653 adnotatur.

474 3721 569 3794 Cum
598 3724 861 3810 commentarii,
893 3725 955 3818 qui
983 3724 1019 3796 in
1046 3725 1239 3799 athenaeis
1267 3751 1290 3799 a
1317 3726 1628 3802 contendentibus
1656 3727 1729 3803 lau-

393 3888 494 3937 ream
516 3864 683 3962 publicae
702 3866 943 3963 disputationi
962 3849 1147 3941 interdum
1167 3869 1462 3954 subiiciebantur,
1484 3870 1560 3943 sere
1579 3895 1729 3968 semper

391 4006 494 4103 ipsos
531 4008 724 4102 praesides
761 4008 1053 4104 disputationum
1089 4025 1261 4083 auctores
1297 4011 1469 4100 habeant,
1499 4013 1570 4087 sub
1598 4038 1728 4087 eorum

391 4174 543 4246 quoque
571 4150 780 4225 nominibus
808 4151 844 4224 in
871 4152 992 4226 lndice
1012 4153 1234 4241 afferuntur3
1265 4154 1417 4228 iuvenes
1436 4170 1562 4230 autem
1582 4157 1631 4229 ad
1649 4155 1729 4231 lau·

391 4319 478 4368 reae
506 4294 686 4369 honorem
704 4296 912 4392 aspirantes
932 4311 1019 4371 tunc
1038 4298 1156 4371 solum
1178 4299 1248 4371 sub
1267 4301 1419 4396 proprio
1439 4300 1586 4376 nomine
1605 4326 1728 4376 recen·

391 4451 519 4510 sentur
548 4437 633 4535 (hoc
660 4438 743 4534 ipso
772 4439 918 4512 nomine
955 4441 991 4513 in
1029 4440 1135 4514 titulo
1173 4439 1417 4536 peculiaribus
1453 4442 1727 4517 characteribus

390 4581 590 4679 distincto),
613 4606 695 4654 cum
715 4583 882 4669 innotuit,
906 4584 954 4657 ab
982 4583 1071 4679 ipsis
1100 4585 1387 4697 commentarios
1411 4584 1502 4672 illos,
1525 4586 1573 4658 de
1592 4586 1727 4683 quibus

389 4724 591 4820 disputatio
620 4738 710 4812 erat,
741 4724 855 4799 fuisse
884 4727 1125 4823 conscriptos.

469 4868 838 4965 Interpretationibus
855 4895 921 4943 seu
932 4869 1161 4945 versionibus
1177 4871 1370 4967 hucusque
1385 4872 1420 4944 in
1431 4871 1553 4945 Indice
1567 4870 1725 4969 descrip·

390 5014 446 5101 tia,
478 5015 699 5111 ubicumque
735 5014 845 5102 licuit,
875 5014 969 5089 tituli
1001 5014 1177 5091 librorum
1206 5040 1302 5114 quos
1330 5017 1454 5090 versio
1481 5017 1722 5112 exprimebat,

389 5156 579 5231 substituti
611 5155 769 5245 suerunt,
800 5157 868 5231 nisi
900 5157 995 5232 sorte
1027 5173 1227 5244 constaret,
1258 5160 1438 5234 rationem
1471 5159 1726 5257 prohibitionis
