<?xml version="1.0" encoding="UTF-8"?>
<!DOCTYPE html PUBLIC "-//W3C//DTD XHTML 1.0 Transitional//EN"
    "http://www.w3.org/TR/xhtml1/DTD/xhtml1-transitional.dtd">
<html xmlns="http://www.w3.org/1999/xhtml" xml:lang="en" lang="en">
 <head>
  <title>
</title>
<meta http-equiv="Content-Type" content="text/html;charset=utf-8" />
  <meta name='ocr-system' content='tesseract 3.04.00' />
  <meta name='ocr-capabilities' content='ocr_page ocr_carea ocr_par ocr_line ocrx_word'/>
</head>
<body>
  <div class='ocr_page' id='page_1' title='image "./indexlibrorumpr02unkngoog_0017.png"; bbox 0 0 4309 6534; ppageno 0'>
   <div class='ocr_carea' id='block_1_1' title="bbox 867 777 1641 827">
    <p class='ocr_par' dir='ltr' id='par_1_1' title="bbox 867 777 1641 827">
     <span class='ocr_line' id='line_1_1' title="bbox 867 777 1641 827; baseline -0.004 0"><span class='ocrx_word' id='word_1_1' title='bbox 867 780 1079 827; x_wconf 73' lang='lat' dir='ltr'><strong>PRAEFATIO.</strong></span> <span class='ocrx_word' id='word_1_2' title='bbox 1194 807 1196 811; x_wconf 94' lang='lat'>·</span> <span class='ocrx_word' id='word_1_3' title='bbox 1574 777 1641 825; x_wconf 85' lang='lat' dir='ltr'><strong>xm</strong></span> 
     </span>
    </p>
   </div>
   <div class='ocr_carea' id='block_1_2' title="bbox 307 988 1689 2949">
    <p class='ocr_par' dir='ltr' id='par_1_2' title="bbox 307 988 1689 2949">
     <span class='ocr_line' id='line_1_2' title="bbox 307 988 1689 1087; baseline -0.003 -22"><span class='ocrx_word' id='word_1_4' title='bbox 307 990 346 1068; x_wconf 92' lang='lat' dir='ltr'><strong>S.</strong></span> <span class='ocrx_word' id='word_1_5' title='bbox 368 989 506 1065; x_wconf 87' lang='lat' dir='ltr'><strong>Sedem</strong></span> <span class='ocrx_word' id='word_1_6' title='bbox 533 989 820 1064; x_wconf 89' lang='lat' dir='ltr'><strong>examinandum</strong></span> <span class='ocrx_word' id='word_1_7' title='bbox 848 988 977 1065; x_wconf 84' lang='lat' dir='ltr'><strong>desert.</strong></span> <span class='ocrx_word' id='word_1_8' title='bbox 1008 989 1091 1063; x_wconf 91' lang='lat' dir='ltr'><strong>Tali</strong></span> <span class='ocrx_word' id='word_1_9' title='bbox 1109 1014 1201 1064; x_wconf 90' lang='lat' dir='ltr'><strong>ansa</strong></span> <span class='ocrx_word' id='word_1_10' title='bbox 1228 1004 1388 1087; x_wconf 90' lang='lat' dir='ltr'><strong>arrepta,</strong></span> <span class='ocrx_word' id='word_1_11' title='bbox 1415 1014 1488 1063; x_wconf 92' lang='lat' dir='ltr'><strong>nou</strong></span> <span class='ocrx_word' id='word_1_12' title='bbox 1515 1004 1641 1063; x_wconf 93' lang='lat' dir='ltr'><strong>autem</strong></span> <span class='ocrx_word' id='word_1_13' title='bbox 1685 1027 1689 1034; x_wconf 95' lang='lat'>·</span> 
     </span>
     <span class='ocr_line' id='line_1_3' title="bbox 307 1133 1642 1233; baseline -0.002 -22"><span class='ocrx_word' id='word_1_14' title='bbox 307 1134 459 1211; x_wconf 90' lang='lat' dir='ltr'><strong>consilio</strong></span> <span class='ocrx_word' id='word_1_15' title='bbox 477 1135 573 1210; x_wconf 92' lang='lat' dir='ltr'><strong>inter</strong></span> <span class='ocrx_word' id='word_1_16' title='bbox 591 1135 763 1210; x_wconf 91' lang='lat' dir='ltr'><strong>universa</strong></span> <span class='ocrx_word' id='word_1_17' title='bbox 782 1134 920 1231; x_wconf 87' lang='lat' dir='ltr'><strong>scripta</strong></span> <span class='ocrx_word' id='word_1_18' title='bbox 938 1135 1090 1231; x_wconf 86' lang='lat' dir='ltr'>pravius</span> <span class='ocrx_word' id='word_1_19' title='bbox 1118 1134 1296 1231; x_wconf 91' lang='lat' dir='ltr'><strong>quodque</strong></span> <span class='ocrx_word' id='word_1_20' title='bbox 1324 1133 1496 1233; x_wconf 84' lang='lat' dir='ltr'><strong>eligente,</strong></span> <span class='ocrx_word' id='word_1_21' title='bbox 1518 1134 1556 1209; x_wconf 90' lang='lat' dir='ltr'><strong>S.</strong></span> <span class='ocrx_word' id='word_1_22' title='bbox 1579 1134 1642 1208; x_wconf 89' lang='lat' dir='ltr'><strong>Se·</strong></span> 
     </span>
     <span class='ocr_line' id='line_1_4' title="bbox 309 1274 1643 1374; baseline -0.002 -21"><span class='ocrx_word' id='word_1_23' title='bbox 309 1281 376 1353; x_wconf 90' lang='lat' dir='ltr'><strong>des</strong></span> <span class='ocrx_word' id='word_1_24' title='bbox 398 1279 510 1353; x_wconf 90' lang='lat' dir='ltr'><strong>etiam</strong></span> <span class='ocrx_word' id='word_1_25' title='bbox 538 1294 580 1352; x_wconf 93' lang='lat' dir='ltr'><strong>ut</strong></span> <span class='ocrx_word' id='word_1_26' title='bbox 606 1276 805 1374; x_wconf 91' lang='lat' dir='ltr'><strong>plurimum</strong></span> <span class='ocrx_word' id='word_1_27' title='bbox 833 1277 1017 1351; x_wconf 89' lang='lat' dir='ltr'>inducitur</span> <span class='ocrx_word' id='word_1_28' title='bbox 1044 1279 1093 1351; x_wconf 91' lang='lat' dir='ltr'><strong>ad</strong></span> <span class='ocrx_word' id='word_1_29' title='bbox 1121 1278 1389 1352; x_wconf 83' lang='lat' dir='ltr'><strong>examinandos</strong></span> <span class='ocrx_word' id='word_1_30' title='bbox 1416 1276 1509 1352; x_wconf 90' lang='lat' dir='ltr'><strong>alios</strong></span> <span class='ocrx_word' id='word_1_31' title='bbox 1526 1274 1643 1351; x_wconf 89' lang='lat' dir='ltr'><strong>libros</strong></span> 
     </span>
     <span class='ocr_line' id='line_1_5' title="bbox 308 1417 1643 1520; baseline -0.002 -24"><span class='ocrx_word' id='word_1_32' title='bbox 308 1424 371 1519; x_wconf 92' lang='lat' dir='ltr'><strong>qui</strong></span> <span class='ocrx_word' id='word_1_33' title='bbox 392 1422 564 1497; x_wconf 87' lang='lat' dir='ltr'><strong>Decretis</strong></span> <span class='ocrx_word' id='word_1_34' title='bbox 582 1417 819 1520; x_wconf 86' lang='lat' dir='ltr'><strong>generalibus</strong></span> <span class='ocrx_word' id='word_1_35' title='bbox 839 1446 913 1495; x_wconf 93' lang='lat' dir='ltr'><strong>non</strong></span> <span class='ocrx_word' id='word_1_36' title='bbox 932 1421 1177 1497; x_wconf 92' lang='lat' dir='ltr'><strong>continentur.</strong></span> <span class='ocrx_word' id='word_1_37' title='bbox 1199 1419 1327 1514; x_wconf 84' lang='lat' dir='ltr'><strong>Quare</strong></span> <span class='ocrx_word' id='word_1_38' title='bbox 1347 1422 1416 1496; x_wconf 92' lang='lat' dir='ltr'><strong>abs</strong></span> <span class='ocrx_word' id='word_1_39' title='bbox 1435 1444 1475 1494; x_wconf 89' lang='lat' dir='ltr'><strong>re</strong></span> <span class='ocrx_word' id='word_1_40' title='bbox 1494 1420 1643 1494; x_wconf 92' lang='lat' dir='ltr'><strong>omnino</strong></span> 
     </span>
     <span class='ocr_line' id='line_1_6' title="bbox 310 1562 1643 1661; baseline -0.002 -22"><span class='ocrx_word' id='word_1_41' title='bbox 310 1565 415 1653; x_wconf 88' lang='lat' dir='ltr'><strong>soret,</strong></span> <span class='ocrx_word' id='word_1_42' title='bbox 432 1566 468 1639; x_wconf 96' lang='lat' dir='ltr'><strong>in</strong></span> <span class='ocrx_word' id='word_1_43' title='bbox 483 1564 606 1640; x_wconf 87' lang='lat' dir='ltr'><strong>Indice</strong></span> <span class='ocrx_word' id='word_1_44' title='bbox 619 1564 678 1638; x_wconf 88' lang='lat' dir='ltr'><strong>vel</strong></span> <span class='ocrx_word' id='word_1_45' title='bbox 698 1589 829 1638; x_wconf 90' lang='lat' dir='ltr'><strong>omnes</strong></span> <span class='ocrx_word' id='word_1_46' title='bbox 849 1564 980 1639; x_wconf 91' lang='lat' dir='ltr'><strong>noxios</strong></span> <span class='ocrx_word' id='word_1_47' title='bbox 999 1589 1214 1661; x_wconf 88' lang='lat' dir='ltr'><strong>pravosque</strong></span> <span class='ocrx_word' id='word_1_48' title='bbox 1233 1563 1358 1652; x_wconf 75' lang='lat' dir='ltr'><strong>libroS,</strong></span> <span class='ocrx_word' id='word_1_49' title='bbox 1378 1562 1437 1638; x_wconf 90' lang='lat' dir='ltr'><strong>vel</strong></span> <span class='ocrx_word' id='word_1_50' title='bbox 1457 1578 1557 1638; x_wconf 90' lang='lat' dir='ltr'><strong>certe</strong></span> <span class='ocrx_word' id='word_1_51' title='bbox 1576 1587 1643 1638; x_wconf 91' lang='lat' dir='ltr'><strong>eos</strong></span> 
     </span>
     <span class='ocr_line' id='line_1_7' title="bbox 308 1704 1644 1807; baseline -0.004 -23"><span class='ocrx_word' id='word_1_52' title='bbox 308 1735 499 1807; x_wconf 85' lang='lat' dir='ltr'><strong>quaerere,</strong></span> <span class='ocrx_word' id='word_1_53' title='bbox 530 1708 594 1807; x_wconf 93' lang='lat' dir='ltr'><strong>qui</strong></span> <span class='ocrx_word' id='word_1_54' title='bbox 622 1709 657 1781; x_wconf 93' lang='lat' dir='ltr'><strong>in</strong></span> <span class='ocrx_word' id='word_1_55' title='bbox 686 1708 820 1804; x_wconf 90' lang='lat' dir='ltr'><strong>quovis</strong></span> <span class='ocrx_word' id='word_1_56' title='bbox 848 1704 1123 1803; x_wconf 89' lang='lat' dir='ltr'><strong>disciplinarum</strong></span> <span class='ocrx_word' id='word_1_57' title='bbox 1151 1731 1291 1805; x_wconf 84' lang='lat' dir='ltr'><strong>genere</strong></span> <span class='ocrx_word' id='word_1_58' title='bbox 1324 1707 1507 1804; x_wconf 88' lang='lat' dir='ltr'><strong>pravitate</strong></span> <span class='ocrx_word' id='word_1_59' title='bbox 1536 1706 1644 1803; x_wconf 92' lang='lat' dir='ltr'><strong>quasi</strong></span> 
     </span>
     <span class='ocr_line' id='line_1_8' title="bbox 308 1848 1645 1947; baseline -0.003 -22"><span class='ocrx_word' id='word_1_60' title='bbox 308 1852 480 1940; x_wconf 88' lang='lat' dir='ltr'><strong>eminent,</strong></span> <span class='ocrx_word' id='word_1_61' title='bbox 508 1849 568 1925; x_wconf 92' lang='lat' dir='ltr'><strong>vel</strong></span> <span class='ocrx_word' id='word_1_62' title='bbox 596 1850 756 1947; x_wconf 90' lang='lat' dir='ltr'><strong>denique</strong></span> <span class='ocrx_word' id='word_1_63' title='bbox 784 1849 986 1947; x_wconf 88' lang='lat' dir='ltr'><strong>postulare,</strong></span> <span class='ocrx_word' id='word_1_64' title='bbox 1009 1864 1050 1923; x_wconf 93' lang='lat' dir='ltr'><strong>ut</strong></span> <span class='ocrx_word' id='word_1_65' title='bbox 1077 1849 1157 1924; x_wconf 92' lang='lat' dir='ltr'><strong>libri</strong></span> <span class='ocrx_word' id='word_1_66' title='bbox 1182 1852 1217 1923; x_wconf 93' lang='lat' dir='ltr'><strong>in</strong></span> <span class='ocrx_word' id='word_1_67' title='bbox 1242 1850 1365 1923; x_wconf 89' lang='lat' dir='ltr'><strong>Indice</strong></span> <span class='ocrx_word' id='word_1_68' title='bbox 1394 1866 1495 1923; x_wconf 91' lang='lat' dir='ltr'><strong>certo</strong></span> <span class='ocrx_word' id='word_1_69' title='bbox 1515 1848 1645 1924; x_wconf 91' lang='lat' dir='ltr'><strong>ordine</strong></span> 
     </span>
     <span class='ocr_line' id='line_1_9' title="bbox 307 1992 1645 2091; baseline -0.001 -24"><span class='ocrx_word' id='word_1_70' title='bbox 307 2018 356 2067; x_wconf 85' lang='lat' dir='ltr'><strong>ex</strong></span> <span class='ocrx_word' id='word_1_71' title='bbox 382 2019 512 2068; x_wconf 91' lang='lat' dir='ltr'><strong>eorum</strong></span> <span class='ocrx_word' id='word_1_72' title='bbox 539 2006 762 2091; x_wconf 89' lang='lat' dir='ltr'><strong>argumento</strong></span> <span class='ocrx_word' id='word_1_73' title='bbox 782 2018 848 2067; x_wconf 89' lang='lat' dir='ltr'><strong>seu</strong></span> <span class='ocrx_word' id='word_1_74' title='bbox 869 1993 1024 2067; x_wconf 88' lang='lat' dir='ltr'><strong>materia</strong></span> <span class='ocrx_word' id='word_1_75' title='bbox 1051 1992 1264 2090; x_wconf 91' lang='lat' dir='ltr'><strong>desumpto,</strong></span> <span class='ocrx_word' id='word_1_76' title='bbox 1286 1993 1360 2067; x_wconf 93' lang='lat' dir='ltr'><strong>sint</strong></span> <span class='ocrx_word' id='word_1_77' title='bbox 1378 1992 1524 2091; x_wconf 89' lang='lat' dir='ltr'><strong>digesti.</strong></span> <span class='ocrx_word' id='word_1_78' title='bbox 1546 1992 1645 2066; x_wconf 88' lang='lat' dir='ltr'><strong>Tota</strong></span> 
     </span>
     <span class='ocr_line' id='line_1_10' title="bbox 307 2134 1644 2234; baseline -0.001 -24"><span class='ocrx_word' id='word_1_79' title='bbox 307 2161 401 2234; x_wconf 85' lang='lat' dir='ltr'><strong>ergo</strong></span> <span class='ocrx_word' id='word_1_80' title='bbox 419 2136 552 2210; x_wconf 92' lang='lat' dir='ltr'><strong>Indicis</strong></span> <span class='ocrx_word' id='word_1_81' title='bbox 579 2137 675 2210; x_wconf 90' lang='lat' dir='ltr'><strong>ratio</strong></span> <span class='ocrx_word' id='word_1_82' title='bbox 701 2135 737 2208; x_wconf 92' lang='lat' dir='ltr'><strong>in</strong></span> <span class='ocrx_word' id='word_1_83' title='bbox 757 2161 804 2209; x_wconf 93' lang='lat' dir='ltr'><strong>eo</strong></span> <span class='ocrx_word' id='word_1_84' title='bbox 822 2151 892 2223; x_wconf 89' lang='lat' dir='ltr'><strong>est,</strong></span> <span class='ocrx_word' id='word_1_85' title='bbox 913 2152 954 2209; x_wconf 92' lang='lat' dir='ltr'><strong>ut</strong></span> <span class='ocrx_word' id='word_1_86' title='bbox 972 2160 1070 2233; x_wconf 89' lang='lat' dir='ltr'><strong>quae</strong></span> <span class='ocrx_word' id='word_1_87' title='bbox 1089 2160 1206 2233; x_wconf 88' lang='lat' dir='ltr'><strong>opera</strong></span> <span class='ocrx_word' id='word_1_88' title='bbox 1225 2136 1303 2210; x_wconf 91' lang='lat' dir='ltr'><strong>sive</strong></span> <span class='ocrx_word' id='word_1_89' title='bbox 1321 2161 1344 2210; x_wconf 91' lang='lat' dir='ltr'><strong>a</strong></span> <span class='ocrx_word' id='word_1_90' title='bbox 1368 2134 1532 2209; x_wconf 86' lang='lat' dir='ltr'><strong>Summis</strong></span> <span class='ocrx_word' id='word_1_91' title='bbox 1554 2135 1644 2208; x_wconf 93' lang='lat' dir='ltr'><strong>Pon-</strong></span> 
     </span>
     <span class='ocr_line' id='line_1_11' title="bbox 308 2277 1646 2388; baseline -0.001 -35"><span class='ocrx_word' id='word_1_92' title='bbox 308 2280 465 2355; x_wconf 87' lang='lat' dir='ltr'><strong>tificibus</strong></span> <span class='ocrx_word' id='word_1_93' title='bbox 493 2305 561 2377; x_wconf 91' lang='lat' dir='ltr'><strong>per</strong></span> <span class='ocrx_word' id='word_1_94' title='bbox 588 2277 731 2388; x_wconf 87' lang='lat' dir='ltr'><strong>litteras</strong></span> <span class='ocrx_word' id='word_1_95' title='bbox 758 2278 996 2375; x_wconf 89' lang='lat' dir='ltr'><strong>apostolicas,</strong></span> <span class='ocrx_word' id='word_1_96' title='bbox 1018 2278 1097 2354; x_wconf 89' lang='lat' dir='ltr'><strong>sive</strong></span> <span class='ocrx_word' id='word_1_97' title='bbox 1125 2304 1149 2352; x_wconf 89' lang='lat' dir='ltr'><strong>a</strong></span> <span class='ocrx_word' id='word_1_98' title='bbox 1176 2279 1339 2354; x_wconf 89' lang='lat' dir='ltr'><strong>romanis</strong></span> <span class='ocrx_word' id='word_1_99' title='bbox 1370 2277 1646 2377; x_wconf 87' lang='lat' dir='ltr'><strong>Congregatio-</strong></span> 
     </span>
     <span class='ocr_line' id='line_1_12' title="bbox 310 2421 1646 2520; baseline 0 -26"><span class='ocrx_word' id='word_1_100' title='bbox 310 2423 427 2509; x_wconf 90' lang='lat' dir='ltr'><strong>nibus,</strong></span> <span class='ocrx_word' id='word_1_101' title='bbox 447 2438 487 2497; x_wconf 91' lang='lat' dir='ltr'><strong>et</strong></span> <span class='ocrx_word' id='word_1_102' title='bbox 513 2422 672 2496; x_wconf 88' lang='lat' dir='ltr'><strong>maxime</strong></span> <span class='ocrx_word' id='word_1_103' title='bbox 691 2446 715 2494; x_wconf 93' lang='lat' dir='ltr'><strong>a</strong></span> <span class='ocrx_word' id='word_1_104' title='bbox 734 2421 772 2496; x_wconf 91' lang='lat' dir='ltr'><strong>S.</strong></span> <span class='ocrx_word' id='word_1_105' title='bbox 794 2421 926 2495; x_wconf 91' lang='lat' dir='ltr'><strong>Indicis</strong></span> <span class='ocrx_word' id='word_1_106' title='bbox 947 2421 1253 2520; x_wconf 88' lang='lat' dir='ltr'><strong>Congregatione</strong></span> <span class='ocrx_word' id='word_1_107' title='bbox 1280 2422 1414 2496; x_wconf 90' lang='lat' dir='ltr'><strong>suerint</strong></span> <span class='ocrx_word' id='word_1_108' title='bbox 1441 2423 1491 2495; x_wconf 93' lang='lat' dir='ltr'><strong>ob</strong></span> <span class='ocrx_word' id='word_1_109' title='bbox 1514 2445 1646 2517; x_wconf 90' lang='lat' dir='ltr'><strong>quam-</strong></span> 
     </span>
     <span class='ocr_line' id='line_1_13' title="bbox 308 2564 1646 2664; baseline -0.001 -25"><span class='ocrx_word' id='word_1_110' title='bbox 308 2591 468 2664; x_wconf 92' lang='lat' dir='ltr'><strong>cumque</strong></span> <span class='ocrx_word' id='word_1_111' title='bbox 483 2591 635 2639; x_wconf 91' lang='lat' dir='ltr'><strong>causam</strong></span> <span class='ocrx_word' id='word_1_112' title='bbox 654 2590 723 2661; x_wconf 92' lang='lat' dir='ltr'><strong>per</strong></span> <span class='ocrx_word' id='word_1_113' title='bbox 741 2564 901 2663; x_wconf 90' lang='lat' dir='ltr'><strong>speciale</strong></span> <span class='ocrx_word' id='word_1_114' title='bbox 920 2565 1111 2640; x_wconf 90' lang='lat' dir='ltr'><strong>decretum</strong></span> <span class='ocrx_word' id='word_1_115' title='bbox 1131 2565 1249 2641; x_wconf 90' lang='lat' dir='ltr'><strong>tribus</strong></span> <span class='ocrx_word' id='word_1_116' title='bbox 1270 2567 1470 2664; x_wconf 89' lang='lat' dir='ltr'><strong>postremis</strong></span> <span class='ocrx_word' id='word_1_117' title='bbox 1490 2564 1646 2639; x_wconf 90' lang='lat' dir='ltr'><strong>saeculis</strong></span> 
     </span>
     <span class='ocr_line' id='line_1_14' title="bbox 310 2706 1645 2806; baseline -0.001 -24"><span class='ocrx_word' id='word_1_118' title='bbox 310 2709 504 2806; x_wconf 90' lang='lat' dir='ltr'><strong>prohibita,</strong></span> <span class='ocrx_word' id='word_1_119' title='bbox 526 2707 707 2783; x_wconf 90' lang='lat' dir='ltr'><strong>universis</strong></span> <span class='ocrx_word' id='word_1_120' title='bbox 726 2707 969 2797; x_wconf 89' lang='lat' dir='ltr'><strong>innotescant,</strong></span> <span class='ocrx_word' id='word_1_121' title='bbox 992 2733 1038 2783; x_wconf 93' lang='lat' dir='ltr'><strong>ne</strong></span> <span class='ocrx_word' id='word_1_122' title='bbox 1057 2709 1197 2784; x_wconf 89' lang='lat' dir='ltr'><strong>vetitae</strong></span> <span class='ocrx_word' id='word_1_123' title='bbox 1216 2734 1347 2784; x_wconf 90' lang='lat' dir='ltr'><strong>eorum</strong></span> <span class='ocrx_word' id='word_1_124' title='bbox 1366 2708 1533 2783; x_wconf 91' lang='lat' dir='ltr'><strong>lectionis</strong></span> <span class='ocrx_word' id='word_1_125' title='bbox 1558 2706 1645 2782; x_wconf 93' lang='lat' dir='ltr'><strong>obli·</strong></span> 
     </span>
     <span class='ocr_line' id='line_1_15' title="bbox 309 2849 1480 2949; baseline 0.003 -26"><span class='ocrx_word' id='word_1_126' title='bbox 309 2849 369 2925; x_wconf 93' lang='lat' dir='ltr'><strong>vio</strong></span> <span class='ocrx_word' id='word_1_127' title='bbox 397 2850 471 2925; x_wconf 92' lang='lat' dir='ltr'><strong>ulla</strong></span> <span class='ocrx_word' id='word_1_128' title='bbox 498 2874 663 2946; x_wconf 91' lang='lat' dir='ltr'><strong>unquam</strong></span> <span class='ocrx_word' id='word_1_129' title='bbox 691 2852 880 2947; x_wconf 90' lang='lat' dir='ltr'><strong>subrepat,</strong></span> <span class='ocrx_word' id='word_1_130' title='bbox 910 2866 976 2924; x_wconf 91' lang='lat' dir='ltr'><strong>aut</strong></span> <span class='ocrx_word' id='word_1_131' title='bbox 1003 2851 1213 2949; x_wconf 89' lang='lat' dir='ltr'><strong>ignorantia</strong></span> <span class='ocrx_word' id='word_1_132' title='bbox 1241 2852 1480 2926; x_wconf 87' lang='lat' dir='ltr'><strong>obtendatur.</strong></span> 
     </span>
    </p>
   </div>
   <div class='ocr_carea' id='block_1_3' title="bbox 310 3137 1649 4100">
    <p class='ocr_par' dir='ltr' id='par_1_3' title="bbox 310 3137 1648 3378">
     <span class='ocr_line' id='line_1_16' title="bbox 390 3137 1648 3236; baseline -0.002 -25"><span class='ocrx_word' id='word_1_133' title='bbox 390 3137 467 3211; x_wconf 90' lang='lat' dir='ltr'><strong>Sed</strong></span> <span class='ocrx_word' id='word_1_134' title='bbox 493 3139 566 3211; x_wconf 89' lang='lat' dir='ltr'><strong>iam</strong></span> <span class='ocrx_word' id='word_1_135' title='bbox 584 3162 683 3233; x_wconf 90' lang='lat' dir='ltr'><strong>quae</strong></span> <span class='ocrx_word' id='word_1_136' title='bbox 702 3137 750 3211; x_wconf 90' lang='lat' dir='ltr'><strong>sit</strong></span> <span class='ocrx_word' id='word_1_137' title='bbox 768 3163 888 3212; x_wconf 89' lang='lat' dir='ltr'><strong>novae</strong></span> <span class='ocrx_word' id='word_1_138' title='bbox 916 3138 1179 3236; x_wconf 88' lang='lat' dir='ltr'><strong>recognitionis</strong></span> <span class='ocrx_word' id='word_1_139' title='bbox 1207 3139 1311 3226; x_wconf 90' lang='lat' dir='ltr'><strong>ratio,</strong></span> <span class='ocrx_word' id='word_1_140' title='bbox 1333 3153 1373 3211; x_wconf 93' lang='lat' dir='ltr'><strong>et</strong></span> <span class='ocrx_word' id='word_1_141' title='bbox 1394 3162 1470 3233; x_wconf 95' lang='lat' dir='ltr'><strong>quo</strong></span> <span class='ocrx_word' id='word_1_142' title='bbox 1489 3137 1648 3212; x_wconf 86' lang='lat' dir='ltr'><strong>maxime</strong></span> 
     </span>
     <span class='ocr_line' id='line_1_17' title="bbox 310 3279 1276 3378; baseline 0.004 -24"><span class='ocrx_word' id='word_1_143' title='bbox 310 3307 335 3354; x_wconf 90' lang='lat' dir='ltr'><strong>a</strong></span> <span class='ocrx_word' id='word_1_144' title='bbox 362 3279 545 3377; x_wconf 88' lang='lat' dir='ltr'><strong>prioribus</strong></span> <span class='ocrx_word' id='word_1_145' title='bbox 573 3280 728 3366; x_wconf 84' lang='lat' dir='ltr'><strong>differat,</strong></span> <span class='ocrx_word' id='word_1_146' title='bbox 759 3281 887 3378; x_wconf 91' lang='lat' dir='ltr'><strong>paucis</strong></span> <span class='ocrx_word' id='word_1_147' title='bbox 914 3298 974 3355; x_wconf 92' lang='lat' dir='ltr'><strong>est</strong></span> <span class='ocrx_word' id='word_1_148' title='bbox 1002 3280 1276 3358; x_wconf 88' lang='lat' dir='ltr'><strong>declarandum.</strong></span> 
     </span>
    </p>

    <p class='ocr_par' dir='ltr' id='par_1_4' title="bbox 310 3423 1649 4100">
     <span class='ocr_line' id='line_1_18' title="bbox 391 3423 1647 3518; baseline 0.002 -21"><span class='ocrx_word' id='word_1_149' title='bbox 391 3423 578 3518; x_wconf 84' lang='lat' dir='ltr'><strong>Quoniam</strong></span> <span class='ocrx_word' id='word_1_150' title='bbox 602 3450 707 3501; x_wconf 91' lang='lat' dir='ltr'><strong>mens</strong></span> <span class='ocrx_word' id='word_1_151' title='bbox 725 3440 765 3499; x_wconf 90' lang='lat' dir='ltr'><strong>et</strong></span> <span class='ocrx_word' id='word_1_152' title='bbox 784 3425 975 3500; x_wconf 91' lang='lat' dir='ltr'><strong>consilium</strong></span> <span class='ocrx_word' id='word_1_153' title='bbox 1003 3427 1145 3502; x_wconf 91' lang='lat' dir='ltr'><strong>Summi</strong></span> <span class='ocrx_word' id='word_1_154' title='bbox 1174 3426 1370 3513; x_wconf 88' lang='lat' dir='ltr'><strong>Pontificis,</strong></span> <span class='ocrx_word' id='word_1_155' title='bbox 1392 3427 1553 3501; x_wconf 89' lang='lat' dir='ltr'><strong>Indicem</strong></span> <span class='ocrx_word' id='word_1_156' title='bbox 1572 3426 1647 3500; x_wconf 92' lang='lat' dir='ltr'><strong>dili-</strong></span> 
     </span>
     <span class='ocr_line' id='line_1_19' title="bbox 310 3567 1647 3666; baseline 0 -24"><span class='ocrx_word' id='word_1_157' title='bbox 310 3567 529 3666; x_wconf 89' lang='lat' dir='ltr'><strong>gentissime</strong></span> <span class='ocrx_word' id='word_1_158' title='bbox 569 3570 786 3666; x_wconf 89' lang='lat' dir='ltr'><strong>recognosci</strong></span> <span class='ocrx_word' id='word_1_159' title='bbox 822 3570 1000 3657; x_wconf 90' lang='lat' dir='ltr'><strong>iubentis,</strong></span> <span class='ocrx_word' id='word_1_160' title='bbox 1040 3568 1107 3644; x_wconf 93' lang='lat' dir='ltr'><strong>suit</strong></span> <span class='ocrx_word' id='word_1_161' title='bbox 1143 3595 1217 3645; x_wconf 94' lang='lat' dir='ltr'><strong>non</strong></span> <span class='ocrx_word' id='word_1_162' title='bbox 1255 3570 1375 3644; x_wconf 93' lang='lat' dir='ltr'><strong>solum</strong></span> <span class='ocrx_word' id='word_1_163' title='bbox 1411 3570 1647 3666; x_wconf 88' lang='lat' dir='ltr'><strong>antiquarum</strong></span> 
     </span>
     <span class='ocr_line' id='line_1_20' title="bbox 311 3713 1648 3813; baseline 0.001 -26"><span class='ocrx_word' id='word_1_164' title='bbox 311 3713 525 3812; x_wconf 89' lang='lat' dir='ltr'><strong>regularum</strong></span> <span class='ocrx_word' id='word_1_165' title='bbox 553 3715 791 3789; x_wconf 90' lang='lat' dir='ltr'><strong>severitatem</strong></span> <span class='ocrx_word' id='word_1_166' title='bbox 818 3731 1037 3813; x_wconf 89' lang='lat' dir='ltr'><strong>temperare,</strong></span> <span class='ocrx_word' id='word_1_167' title='bbox 1068 3740 1209 3812; x_wconf 90' lang='lat' dir='ltr'><strong>easque</strong></span> <span class='ocrx_word' id='word_1_168' title='bbox 1237 3716 1427 3812; x_wconf 88' lang='lat' dir='ltr'><strong>aliquanto</strong></span> <span class='ocrx_word' id='word_1_169' title='bbox 1460 3715 1648 3789; x_wconf 91' lang='lat' dir='ltr'><strong>molliores</strong></span> 
     </span>
     <span class='ocr_line' id='line_1_21' title="bbox 311 3858 1648 3956; baseline 0 -23"><span class='ocrx_word' id='word_1_170' title='bbox 311 3859 469 3947; x_wconf 86' lang='lat' dir='ltr'><strong>efficere,</strong></span> <span class='ocrx_word' id='word_1_171' title='bbox 500 3858 569 3933; x_wconf 92' lang='lat' dir='ltr'><strong>sed</strong></span> <span class='ocrx_word' id='word_1_172' title='bbox 600 3875 719 3934; x_wconf 90' lang='lat' dir='ltr'><strong>totam</strong></span> <span class='ocrx_word' id='word_1_173' title='bbox 757 3862 937 3934; x_wconf 89' lang='lat' dir='ltr'><strong>rationem</strong></span> <span class='ocrx_word' id='word_1_174' title='bbox 975 3859 1108 3934; x_wconf 88' lang='lat' dir='ltr'><strong>Indicis</strong></span> <span class='ocrx_word' id='word_1_175' title='bbox 1145 3886 1214 3956; x_wconf 89' lang='lat' dir='ltr'><strong>pro</strong></span> <span class='ocrx_word' id='word_1_176' title='bbox 1251 3875 1419 3934; x_wconf 88' lang='lat' dir='ltr'><strong>materna</strong></span> <span class='ocrx_word' id='word_1_177' title='bbox 1458 3858 1648 3934; x_wconf 89' lang='lat' dir='ltr'><strong>Ecclesiae</strong></span> 
     </span>
     <span class='ocr_line' id='line_1_22' title="bbox 312 4002 1649 4100; baseline -0.001 -22"><span class='ocrx_word' id='word_1_178' title='bbox 312 4002 542 4099; x_wconf 88' lang='lat' dir='ltr'><strong>benignitate</strong></span> <span class='ocrx_word' id='word_1_179' title='bbox 568 4004 812 4078; x_wconf 89' lang='lat' dir='ltr'><strong>accomodare</strong></span> <span class='ocrx_word' id='word_1_180' title='bbox 842 4003 1017 4098; x_wconf 88' lang='lat' dir='ltr'><strong>tempori:</strong></span> <span class='ocrx_word' id='word_1_181' title='bbox 1047 4003 1082 4075; x_wconf 94' lang='lat' dir='ltr'><strong>in</strong></span> <span class='ocrx_word' id='word_1_182' title='bbox 1110 4003 1193 4099; x_wconf 91' lang='lat' dir='ltr'><strong>ipso</strong></span> <span class='ocrx_word' id='word_1_183' title='bbox 1221 4028 1372 4100; x_wconf 89' lang='lat' dir='ltr'><strong>quoque</strong></span> <span class='ocrx_word' id='word_1_184' title='bbox 1395 4002 1649 4077; x_wconf 89' lang='lat' dir='ltr'><strong>concinnando</strong></span> 
     </span>
    </p>
   </div>
   <div class='ocr_carea' id='block_1_4' title="bbox 312 4142 1648 4253">
    <p class='ocr_par' dir='ltr' id='par_1_5' title="bbox 312 4142 1648 4253">
     <span class='ocr_line' id='line_1_23' title="bbox 312 4142 1648 4253; baseline 0 -35"><span class='ocrx_word' id='word_1_185' title='bbox 312 4144 582 4242; x_wconf 89' lang='lat' dir='ltr'><strong>prohibitorum</strong></span> <span class='ocrx_word' id='word_1_186' title='bbox 610 4145 786 4219; x_wconf 88' lang='lat' dir='ltr'><strong>librorum</strong></span> <span class='ocrx_word' id='word_1_187' title='bbox 804 4142 970 4253; x_wconf 84' lang='lat' dir='ltr'><strong>¹elencho</strong></span> <span class='ocrx_word' id='word_1_188' title='bbox 1006 4144 1198 4242; x_wconf 88' lang='lat' dir='ltr'><strong>multiplex</strong></span> <span class='ocrx_word' id='word_1_189' title='bbox 1235 4145 1441 4219; x_wconf 89' lang='lat' dir='ltr'><strong>adhibitum</strong></span> <span class='ocrx_word' id='word_1_190' title='bbox 1468 4161 1528 4220; x_wconf 91' lang='lat' dir='ltr'><strong>est</strong></span> <span class='ocrx_word' id='word_1_191' title='bbox 1555 4161 1648 4219; x_wconf 89' lang='lat' dir='ltr'><strong>tem·</strong></span> 
     </span>
    </p>
   </div>
   <div class='ocr_carea' id='block_1_5' title="bbox 311 4286 1652 5246">
    <p class='ocr_par' dir='ltr' id='par_1_6' title="bbox 311 4286 1652 5246">
     <span class='ocr_line' id='line_1_24' title="bbox 311 4286 1649 4385; baseline 0.001 -24"><span class='ocrx_word' id='word_1_192' title='bbox 311 4303 583 4385; x_wconf 90' lang='lat' dir='ltr'><strong>peramentum,</strong></span> <span class='ocrx_word' id='word_1_193' title='bbox 619 4287 909 4385; x_wconf 89' lang='lat' dir='ltr'><strong>imminutusque</strong></span> <span class='ocrx_word' id='word_1_194' title='bbox 945 4312 1124 4360; x_wconf 90' lang='lat' dir='ltr'><strong>numerus</strong></span> <span class='ocrx_word' id='word_1_195' title='bbox 1161 4286 1337 4362; x_wconf 92' lang='lat' dir='ltr'><strong>librorum</strong></span> <span class='ocrx_word' id='word_1_196' title='bbox 1374 4287 1494 4361; x_wconf 90' lang='lat' dir='ltr'><strong>adhuc</strong></span> <span class='ocrx_word' id='word_1_197' title='bbox 1531 4288 1566 4362; x_wconf 93' lang='lat' dir='ltr'><strong>in</strong></span> <span class='ocrx_word' id='word_1_198' title='bbox 1602 4314 1649 4362; x_wconf 96' lang='lat' dir='ltr'><strong>eo</strong></span> 
     </span>
     <span class='ocr_line' id='line_1_25' title="bbox 312 4429 1645 4528; baseline 0 -25"><span class='ocrx_word' id='word_1_199' title='bbox 312 4432 591 4506; x_wconf 88' lang='lat' dir='ltr'><strong>recensitorum.</strong></span> <span class='ocrx_word' id='word_1_200' title='bbox 623 4430 751 4525; x_wconf 82' lang='lat' dir='ltr'><strong>Atque</strong></span> <span class='ocrx_word' id='word_1_201' title='bbox 779 4430 817 4503; x_wconf 94' lang='lat' dir='ltr'><strong>id</strong></span> <span class='ocrx_word' id='word_1_202' title='bbox 844 4430 1044 4528; x_wconf 89' lang='lat' dir='ltr'><strong>dignosces</strong></span> <span class='ocrx_word' id='word_1_203' title='bbox 1072 4454 1120 4502; x_wconf 88' lang='lat' dir='ltr'><strong>ex</strong></span> <span class='ocrx_word' id='word_1_204' title='bbox 1148 4429 1267 4526; x_wconf 93' lang='lat' dir='ltr'><strong>primo</strong></span> <span class='ocrx_word' id='word_1_205' title='bbox 1295 4429 1448 4504; x_wconf 92' lang='lat' dir='ltr'><strong>decreto</strong></span> <span class='ocrx_word' id='word_1_206' title='bbox 1468 4429 1645 4527; x_wconf 88' lang='lat' dir='ltr'><strong>generali,</strong></span> 
     </span>
     <span class='ocr_line' id='line_1_26' title="bbox 313 4571 1650 4670; baseline -0.001 -25"><span class='ocrx_word' id='word_1_207' title='bbox 313 4599 390 4670; x_wconf 93' lang='lat' dir='ltr'><strong>quo</strong></span> <span class='ocrx_word' id='word_1_208' title='bbox 418 4573 557 4647; x_wconf 89' lang='lat' dir='ltr'><strong>scilicet</strong></span> <span class='ocrx_word' id='word_1_209' title='bbox 584 4596 714 4648; x_wconf 91' lang='lat' dir='ltr'><strong>omnes</strong></span> <span class='ocrx_word' id='word_1_210' title='bbox 742 4571 822 4647; x_wconf 92' lang='lat' dir='ltr'><strong>libri</strong></span> <span class='ocrx_word' id='word_1_211' title='bbox 849 4588 936 4646; x_wconf 88' lang='lat' dir='ltr'><strong>ante</strong></span> <span class='ocrx_word' id='word_1_212' title='bbox 964 4597 1102 4645; x_wconf 90' lang='lat' dir='ltr'><strong>annum</strong></span> <span class='ocrx_word' id='word_1_213' title='bbox 1131 4596 1210 4646; x_wconf 83' lang='lat' dir='ltr'><strong>uuc</strong></span> <span class='ocrx_word' id='word_1_214' title='bbox 1238 4572 1422 4669; x_wconf 92' lang='lat' dir='ltr'><strong>prohibiti,</strong></span> <span class='ocrx_word' id='word_1_215' title='bbox 1452 4572 1584 4645; x_wconf 89' lang='lat' dir='ltr'><strong>abhinc</strong></span> <span class='ocrx_word' id='word_1_216' title='bbox 1602 4599 1650 4646; x_wconf 86' lang='lat' dir='ltr'><strong>ex</strong></span> 
     </span>
     <span class='ocr_line' id='line_1_27' title="bbox 314 4714 1650 4815; baseline -0.002 -24"><span class='ocrx_word' id='word_1_217' title='bbox 314 4718 436 4793; x_wconf 92' lang='lat' dir='ltr'><strong>Indice</strong></span> <span class='ocrx_word' id='word_1_218' title='bbox 464 4717 639 4815; x_wconf 89' lang='lat' dir='ltr'><strong>expuncti</strong></span> <span class='ocrx_word' id='word_1_219' title='bbox 666 4716 910 4803; x_wconf 90' lang='lat' dir='ltr'><strong>declarantur,</strong></span> <span class='ocrx_word' id='word_1_220' title='bbox 942 4716 1111 4812; x_wconf 88' lang='lat' dir='ltr'><strong>quamvis</strong></span> <span class='ocrx_word' id='word_1_221' title='bbox 1139 4716 1341 4789; x_wconf 91' lang='lat' dir='ltr'><strong>etiamnum</strong></span> <span class='ocrx_word' id='word_1_222' title='bbox 1369 4714 1503 4788; x_wconf 90' lang='lat' dir='ltr'><strong>eodem</strong></span> <span class='ocrx_word' id='word_1_223' title='bbox 1536 4715 1650 4788; x_wconf 91' lang='lat' dir='ltr'><strong>modo</strong></span> 
     </span>
     <span class='ocr_line' id='line_1_28' title="bbox 313 4859 1650 4956; baseline -0.003 -21"><span class='ocrx_word' id='word_1_224' title='bbox 313 4861 478 4935; x_wconf 89' lang='lat' dir='ltr'><strong>damnati</strong></span> <span class='ocrx_word' id='word_1_225' title='bbox 506 4862 666 4937; x_wconf 88' lang='lat' dir='ltr'><strong>habendi</strong></span> <span class='ocrx_word' id='word_1_226' title='bbox 695 4861 782 4947; x_wconf 91' lang='lat' dir='ltr'><strong>sint,</strong></span> <span class='ocrx_word' id='word_1_227' title='bbox 814 4886 890 4956; x_wconf 93' lang='lat' dir='ltr'><strong>quo</strong></span> <span class='ocrx_word' id='word_1_228' title='bbox 926 4860 1012 4934; x_wconf 94' lang='lat' dir='ltr'><strong>olim</strong></span> <span class='ocrx_word' id='word_1_229' title='bbox 1052 4860 1217 4934; x_wconf 88' lang='lat' dir='ltr'><strong>damnati</strong></span> <span class='ocrx_word' id='word_1_230' title='bbox 1254 4860 1415 4942; x_wconf 89' lang='lat' dir='ltr'><strong>suerunt,</strong></span> <span class='ocrx_word' id='word_1_231' title='bbox 1446 4859 1488 4932; x_wconf 88' lang='lat' dir='ltr'><strong>iis</strong></span> <span class='ocrx_word' id='word_1_232' title='bbox 1525 4874 1650 4932; x_wconf 90' lang='lat' dir='ltr'><strong>tamen</strong></span> 
     </span>
     <span class='ocr_line' id='line_1_29' title="bbox 312 5002 1652 5103; baseline -0.003 -22"><span class='ocrx_word' id='word_1_233' title='bbox 312 5006 480 5103; x_wconf 87' lang='lat' dir='ltr'><strong>exceptis</strong></span> <span class='ocrx_word' id='word_1_234' title='bbox 508 5006 571 5103; x_wconf 95' lang='lat' dir='ltr'><strong>qui</strong></span> <span class='ocrx_word' id='word_1_235' title='bbox 598 5031 665 5102; x_wconf 90' lang='lat' dir='ltr'><strong>per</strong></span> <span class='ocrx_word' id='word_1_236' title='bbox 698 5028 795 5080; x_wconf 90' lang='lat' dir='ltr'><strong>nova</strong></span> <span class='ocrx_word' id='word_1_237' title='bbox 824 5005 987 5079; x_wconf 89' lang='lat' dir='ltr'><strong>Decreta</strong></span> <span class='ocrx_word' id='word_1_238' title='bbox 1022 5003 1212 5102; x_wconf 91' lang='lat' dir='ltr'><strong>generalia</strong></span> <span class='ocrx_word' id='word_1_239' title='bbox 1244 5003 1516 5101; x_wconf 91' lang='lat' dir='ltr'><strong>permittuntur.</strong></span> <span class='ocrx_word' id='word_1_240' title='bbox 1554 5002 1652 5077; x_wconf 90' lang='lat' dir='ltr'><strong>Hinc</strong></span> 
     </span>
     <span class='ocr_line' id='line_1_30' title="bbox 311 5148 1648 5246; baseline -0.003 -22"><span class='ocrx_word' id='word_1_241' title='bbox 311 5149 573 5224; x_wconf 89' lang='lat' dir='ltr'><strong>damnatorum</strong></span> <span class='ocrx_word' id='word_1_242' title='bbox 604 5164 800 5223; x_wconf 91' lang='lat' dir='ltr'><strong>auctorum</strong></span> <span class='ocrx_word' id='word_1_243' title='bbox 827 5148 984 5223; x_wconf 88' lang='lat' dir='ltr'><strong>antehac</strong></span> <span class='ocrx_word' id='word_1_244' title='bbox 1011 5149 1047 5222; x_wconf 91' lang='lat' dir='ltr'><strong>in</strong></span> <span class='ocrx_word' id='word_1_245' title='bbox 1068 5148 1200 5246; x_wconf 80' lang='lat' dir='ltr'><strong>prima</strong></span> <span class='ocrx_word' id='word_1_246' title='bbox 1226 5148 1338 5221; x_wconf 80' lang='lat' dir='ltr'><strong>classe</strong></span> <span class='ocrx_word' id='word_1_247' title='bbox 1365 5148 1648 5243; x_wconf 90' lang='lat' dir='ltr'><strong>descriptorum,</strong></span> 
     </span>
    </p>
   </div>
   <div class='ocr_carea' id='block_1_6' title="bbox 0 0 2173 6532">
    <p class='ocr_par' dir='ltr' id='par_1_7' title="bbox 0 0 2173 6532">
     <span class='ocr_line' id='line_1_31' title="bbox 0 0 2173 6532; baseline 0 0"><span class='ocrx_word' id='word_1_248' title='bbox 0 0 2173 6532; x_wconf 95' lang='lat' dir='ltr'><strong> </strong></span> 
     </span>
    </p>
   </div>
  </div>
 </body>
</html>
