4309 6534
895 825 1015 872 naonis
1035 826 1151 871 annin
1172 826 1242 871 xm.
1729 808 1748 871 7

392 1044 484 1108 quae
504 1026 592 1091 inira
616 1025 760 1108 scripta,
786 1044 924 1109 unaque
952 1044 1032 1092 cum
1059 1029 1127 1092 hac
1154 1026 1409 1091 Constitutione
1438 1025 1623 1090 coniuncta
1651 1033 1748 1090 sunt:

393 1163 518 1245 quibus
538 1163 630 1227 idem
651 1180 790 1226 sacrum
811 1161 1002 1228 Consilium
1022 1166 1168 1247 posthac
1189 1172 1308 1228 utatur
1328 1162 1445 1242 unice,
1474 1162 1667 1245 quibusque
1693 1179 1749 1224 ca·

392 1296 514 1360 tholici
533 1298 691 1362 homines
711 1307 786 1362 toto
807 1300 890 1362 orbe
905 1298 1067 1381 religiose
1081 1308 1235 1381 pareant.
1257 1298 1308 1362 Ea
1327 1297 1400 1361 vim
1421 1297 1510 1380 legis
1529 1298 1659 1361 habere
1674 1298 1749 1360 sola

393 1432 575 1513 volumus,
606 1433 784 1516 abrogatis
815 1435 950 1516 regulis
981 1445 1225 1500 sacrosanctae
1256 1434 1464 1499 tridentinae
1495 1432 1619 1513 synodi
1652 1431 1748 1495 iussu

392 1565 503 1646 editis,
524 1566 833 1647 observationibus,
853 1567 1091 1647 destructione,
1114 1568 1268 1648 decretis,
1286 1566 1438 1646 monitis,
1459 1574 1494 1630 et
1525 1565 1649 1648 quovis
1679 1564 1748 1628 alio

392 1700 617 1764 decessorum
638 1711 837 1767 nostrorum
858 1705 924 1767 hac
946 1705 989 1768 de
1010 1723 1048 1768 re
1069 1713 1202 1769 statuto
1215 1704 1389 1787 iussuque,
1405 1721 1475 1768 una
1496 1711 1643 1783 excepta
1663 1701 1749 1766 Con·

394 1836 574 1902 stitutione
596 1838 774 1903 Benedicti
798 1839 884 1904 XIV
909 1840 1064 1905 Sollicita
1095 1859 1137 1905 ac
1161 1842 1332 1923 provilla,
1359 1858 1480 1923 quam,
1512 1839 1602 1903 sicut
1632 1838 1748 1902 adhuc

392 1972 515 2055 viguit,
537 1973 586 2038 ita
605 1973 641 2039 in
661 1983 840 2057 posterum
862 1973 983 2059 vigere
1003 1976 1178 2060 integram
1199 1977 1370 2041 volumus.

775 2266 1026 2368 DECRETA
1067 2266 1371 2369 GENERAllA

553 2517 616 2578 DE
650 2518 978 2581 PROHIBITIONE
1012 2521 1073 2581 ET
1106 2521 1313 2582 CENSVRA
1345 2518 1594 2580 LlssRORVM.

942 2768 1151 2838 TITVLVS
1180 2770 1209 2837 1.

786 2927 835 2981 oe
857 2927 1131 2983 Phourmnoue
1150 2927 1353 2983 nanonvu.

968 3155 1125 3221 CAPVT
1146 3155 1170 3220 L

494 3308 543 3355 DE
564 3308 750 3356 PROHIBITIS
770 3308 1029 3371 nrosTnTAnvM,
1052 3306 1330 3368 HAERETICORVM,
1352 3305 1646 3352 SCHISMATICORVM

774 3426 999 3480 ALIORVMQVE
1019 3425 1230 3472 SCRIPTORVM
1252 3425 1370 3471 LIBRIS.

477 3606 503 3668 l.
525 3604 620 3669 Libri
640 3624 770 3688 omnes,
792 3624 880 3690 quos
900 3615 981 3670 ante
1002 3623 1133 3669 annum
1154 3624 1224 3669 unc
1245 3614 1305 3668 aut
1326 3603 1453 3669 summi
1474 3603 1667 3685 Pontifices,
1686 3613 1747 3667 aut

393 3741 542 3805 concilia
573 3742 796 3807 oecumenica
817 3743 1040 3821 damnarunt,
1066 3749 1101 3805 et
1126 3741 1184 3823 qui
1205 3741 1241 3805 in
1271 3760 1364 3805 novo
1385 3741 1502 3806 Indice
1532 3759 1603 3806 non
1633 3758 1748 3805 recen·

392 3881 523 3951 sentur,
546 3873 669 3936 eodem
690 3874 794 3938 modo
815 3874 970 3937 damnati
989 3874 1192 3953 habeantur,
1208 3873 1298 3937 sicut
1312 3874 1395 3937 olim
1416 3873 1571 3938 damnati
1592 3874 1746 3952 fuerunt;

392 4008 436 4071 iis
457 4008 621 4090 exceptis,
643 4009 702 4090 qui
722 4028 784 4092 per
804 4011 891 4074 haec
913 4009 1064 4074 Decreta
1086 4010 1272 4074 Generalia
1293 4009 1550 4091 permittuntur.

473 4145 502 4209 2.
524 4145 619 4209 Libri
638 4153 892 4227 apostatarum,
914 4146 1184 4227 haereticorum,
1206 4145 1508 4210 schismaticorum
1529 4154 1564 4209 et
1585 4163 1747 4227 quorum·

395 4296 544 4360 cumque
575 4278 800 4361 scriptorum,
824 4279 997 4344 haeresim
1026 4280 1083 4343 vel
1107 4280 1259 4344 schisma
1283 4290 1558 4363 propugnantes,
1583 4289 1644 4344 aut
1672 4281 1747 4364 ipsa

394 4412 572 4496 religionis
592 4414 817 4477 fundamenta
839 4423 1026 4495 utcumque
1051 4422 1264 4494 evertenteS,
1287 4413 1427 4477 omnino
1451 4413 1685 4496 prohibentur.

473 4550 502 4614 3.
523 4548 610 4613 Item
630 4549 857 4631 prohibentur
877 4548 1152 4612 acatholicorum
1174 4548 1260 4628 libri,
1283 4548 1342 4630 qui
1363 4567 1407 4612 ex
1427 4548 1584 4629 professo
1605 4548 1648 4611 de
1669 4548 1747 4613 reli-

393 4682 498 4764 gione
528 4689 693 4762 tractant,
721 4681 787 4745 nisi
819 4691 955 4746 constet
983 4681 1067 4745 nihil
1098 4681 1134 4744 in
1166 4681 1216 4744 eis
1247 4690 1369 4744 contra
1400 4681 1504 4745 fidem
1536 4681 1746 4745 catholicam

393 4815 573 4880 contineri.

472 4952 502 5015 4.
522 4949 617 5014 Libri
637 4948 840 5013 eorumdem
861 4959 1053 5030 auctorum,
1076 4950 1135 5033 qui
1159 4969 1204 5014 ex
1231 4950 1387 5032 professo
1415 4952 1459 5017 de
1487 4952 1656 5036 religione
1676 4972 1747 5018 non

392 5095 554 5167 tractant,
575 5088 636 5151 sed
658 5087 769 5151 obiter
787 5096 923 5151 tantum
937 5088 1017 5151 fidei
1030 5088 1197 5153 veritates
1211 5088 1395 5172 attingunt,
1414 5090 1489 5155 iure
1511 5091 1746 5156 ecclesiastico

393 5219 556 5300 prohibiti
569 5237 639 5284 non
652 5220 855 5302 habeantur,
867 5221 978 5284 donec
992 5221 1134 5304 speciali
1147 5222 1289 5286 decreto
1303 5223 1487 5306 proscripti
1500 5225 1594 5290 haud
1608 5225 1743 5289 fiierint.
