4309 6534
392 818 433 883 30
962 832 1180 879 cousnrvno

390 1040 502 1103 altera
521 1038 756 1121 propositione
769 1058 791 1103 a
805 1057 869 1104 suo
890 1047 1057 1104 contextu
1079 1039 1224 1120 divulsa,
1245 1040 1302 1103 vel
1323 1037 1470 1103 seorsim
1489 1039 1535 1102 ab
1555 1036 1643 1119 aliis,
1659 1054 1742 1119 quae

390 1177 426 1242 in
454 1179 577 1243 eodem
604 1179 692 1244 libro
721 1180 950 1259 continentur,
973 1179 1201 1259 considerata,
1224 1188 1259 1242 et
1280 1195 1443 1260 expensa,
1465 1178 1509 1242 de
1530 1194 1573 1239 eo
1600 1186 1743 1257 pronun·

391 1316 554 1382 ciandum
576 1336 671 1399 esse;
700 1337 804 1400 saepe
836 1317 927 1382 enirn
958 1316 1103 1398 accidit,
1132 1326 1172 1381 ut
1198 1316 1291 1399 quod
1322 1316 1368 1378 ab
1397 1322 1542 1379 auctore
1569 1311 1606 1377 in
1634 1310 1744 1391 aliquo

391 1456 506 1539 operis
527 1459 605 1522 loco
625 1456 868 1540 perfunctorie,
890 1466 951 1521 aut
971 1457 1185 1545 subobscure
1206 1454 1373 1518 traditum
1387 1460 1449 1533 est,
1468 1451 1518 1516 ita
1538 1449 1607 1513 alio
1621 1447 1659 1512 in
1672 1448 1744 1510 loco

392 1589 561 1671 distincte,
584 1592 731 1674 copiose,
753 1611 795 1656 ac
816 1592 966 1656 dilucide
987 1590 1188 1673 explicetur,
1210 1597 1249 1653 ut
1274 1589 1405 1654 offusae
1429 1585 1537 1669 priori
1557 1581 1745 1649 sententiae

392 1729 575 1807 tenebrae,
601 1728 725 1809 quibus
752 1729 909 1793 involuta
932 1728 1032 1811 pravi
1052 1746 1176 1792 sensus
1203 1727 1356 1809 speciem
1383 1724 1587 1803 exhibebat,
1612 1718 1746 1803 penitus

392 1863 628 1945 dispellantur,
650 1866 831 1949 omnisque
852 1865 940 1929 labis
960 1883 1086 1947 expers
1106 1862 1295 1946 propositio
1316 1860 1551 1944 dignoscatur.

472 2003 491 2081 ᾗ
514 2002 559 2066 19.
574 2003 618 2066 V.
637 2002 737 2083 Quod
752 2003 781 2068 si
795 2002 958 2086 ambigua
973 2003 1146 2085 quaedam
1160 2000 1352 2066 exciderint
1366 1999 1509 2080 auctori,
1525 1998 1584 2081 qui
1598 1998 1746 2082 alioquin

393 2137 586 2202 catholicus
606 2139 659 2218 sit,
682 2149 716 2203 et
736 2141 874 2223 integra
894 2139 1081 2223 religionis
1103 2138 1350 2221 doctrinaeque
1376 2138 1476 2219 sama,
1497 2138 1657 2221 aequitas
1676 2137 1747 2221 ipsa

393 2276 570 2357 postulare
590 2276 737 2357 videtur,
759 2286 798 2341 ut
819 2277 893 2341 eius
914 2277 1008 2342 dicta
1028 2276 1186 2360 benigne,
1209 2284 1377 2358 quantum
1398 2274 1544 2356 licuerit,
1566 2274 1744 2357 explicata,

393 2410 429 2474 in
450 2411 579 2475 bonam
600 2421 737 2493 partem
756 2413 982 2496 accipiantur.

474 2547 492 2626 ξ
511 2546 561 2611 20.
583 2547 657 2611 Has
673 2565 786 2629 porro,
803 2548 1001 2630 similesque
1015 2550 1166 2632 regulas
1182 2568 1271 2631 quae
1285 2550 1379 2631 apud
1397 2549 1547 2632 optimos
1561 2549 1748 2631 scriptores

394 2680 439 2745 de
459 2681 513 2745 his
537 2691 683 2764 agentes
711 2681 811 2747 facile
839 2694 1042 2766 occurrent,
1068 2703 1206 2767 semper
1234 2685 1349 2750 animo
1377 2684 1572 2768 propositas
1600 2686 1747 2749 habeant

396 2834 560 2880 censores
575 2827 609 2880 et
624 2819 857 2899 consultoreS,
880 2838 948 2901 quo
962 2821 1112 2902 valeant,
1128 2821 1163 2886 in
1178 2823 1244 2886 hoc
1259 2821 1466 2904 gravissimo
1480 2819 1598 2886 iudicii
1612 2837 1746 2904 genere,

396 2950 628 3014 conscientiae
649 2968 742 3031 suae,
764 2961 947 3016 auctorum
969 2954 1090 3035 santae,
1112 2955 1290 3019 Ecclesiae
1314 2956 1414 3035 bono,
1437 2961 1471 3019 et
1491 2953 1647 3018 fidelium
1668 2951 1749 3017 utili·

396 3085 460 3149 tati
480 3087 671 3150 consulere.
693 3086 772 3151 Duo
793 3097 911 3152 autem
938 3089 1071 3170 reliqua
1100 3099 1180 3154 sunt
1207 3090 1243 3155 in
1271 3109 1352 3155 eum
1379 3092 1484 3155 finem
1508 3092 1612 3172 plane
1633 3107 1747 3173 oppor-

397 3230 491 3302 tuna,
513 3238 602 3304 quae
623 3223 689 3286 hoc
710 3225 789 3286 loco
809 3223 1030 3306 adiungenda
1051 3223 1192 3289 omnino
1214 3243 1290 3290 esse
1314 3225 1517 3289 iudicamus.

476 3358 495 3436 ᾗ
513 3357 563 3420 21.
583 3357 759 3421 Prodeunt
780 3358 966 3441 aliquando
986 3359 1072 3440 libri,
1094 3360 1130 3423 in
1151 3361 1275 3442 quibus
1293 3362 1388 3441 salsa,
1410 3369 1445 3424 et
1465 3361 1653 3441 reprobata
1672 3361 1748 3442 dog·

397 3503 500 3575 mata,
522 3503 583 3558 aut
603 3503 804 3575 systemata,
820 3496 979 3578 religioni
991 3499 1049 3561 vel
1064 3497 1218 3561 moribus
1234 3497 1387 3577 exitiosa,
1403 3505 1583 3578 tamquam
1604 3495 1748 3559 aliorum

394 3630 546 3712 inventa,
562 3640 596 3694 et
611 3631 774 3714 cogitata,
789 3641 1018 3714 exponuntur,
1035 3640 1069 3696 et
1084 3633 1290 3712 reseruntur,
1310 3633 1440 3713 absque
1455 3649 1496 3695 eo
1511 3630 1606 3713 quod
1619 3639 1747 3710 auctor,

396 3765 456 3846 qui
476 3783 564 3847 opus
584 3783 687 3830 suum
707 3766 825 3848 pravis
845 3766 1041 3831 huiusmodi
1070 3766 1244 3831 mercibus
1268 3784 1414 3831 onerare
1435 3765 1582 3849 sategit,
1604 3784 1647 3830 ea
1667 3764 1749 3830 refu·

397 3897 493 3961 tandi
513 3916 635 3962 curam
654 3898 750 3962 inse
771 3899 923 3981 recipiat.
944 3900 1072 3964 Putant
1093 3918 1196 3980 vero,
1218 3899 1278 3981 qui
1304 3900 1387 3964 talia
1414 3909 1542 3983 agunt,
1568 3900 1656 3965 nulli
1676 3917 1749 3965 sese

397 4029 664 4111 reprehensioni,
687 4039 748 4095 aut
769 4049 937 4095 censurae
953 4032 1121 4097 obnoxios
1135 4051 1220 4112 esse,
1238 4039 1422 4114 propterea
1443 4030 1535 4113 quod
1556 4030 1600 4095 de
1621 4030 1748 4109 alienis

398 4170 436 4224 ut
456 4161 562 4241 aiunt,
585 4162 801 4244 opinionibus
814 4162 899 4227 nihil
912 4162 978 4244 ipsi
991 4165 1172 4243 affirment,
1195 4163 1256 4227 sed
1276 4162 1440 4227 historice
1460 4169 1577 4245 agant.
1597 4161 1646 4225 At
1661 4160 1751 4244 quid·

398 4292 479 4373 quid
500 4293 544 4356 sit
566 4294 609 4357 de
630 4312 752 4357 eorum
772 4294 897 4374 animo,
913 4304 947 4358 et
963 4294 1115 4374 consili0,
1138 4295 1249 4376 deque
1270 4294 1445 4377 personali
1464 4294 1500 4358 in
1521 4312 1582 4357 eos
1603 4292 1751 4357 animad-

397 4427 576 4507 versione,
599 4428 642 4491 de
664 4447 731 4510 qua
752 4428 920 4509 viderint,
942 4429 1056 4511 quiin
1077 4429 1306 4493 tribunalibus
1327 4429 1371 4492 ad
1393 4428 1586 4492 coercenda
1607 4427 1750 4492 crimina

397 4560 564 4626 institutis
590 4563 644 4627 ius
672 4563 807 4646 dicunt;
832 4564 981 4628 dubitari
1008 4573 1104 4629 certe
1132 4582 1201 4627 non
1229 4573 1361 4646 potest,
1387 4580 1552 4647 magnam
1584 4562 1752 4629 eiusmodi

399 4695 495 4759 libris
514 4695 550 4759 in
571 4696 796 4762 christianam
816 4698 1066 4780 rempublicam
1087 4699 1210 4777 labem,
1226 4716 1267 4761 ac
1282 4696 1471 4779 perniciem
1490 4696 1619 4777 inferri,
1646 4714 1751 4780 quum

399 4827 547 4892 incautis
567 4830 755 4895 lectoribus
775 4850 911 4896 venena
931 4832 1123 4914 propinent,
1149 4833 1245 4896 nullo
1270 4831 1431 4911 exhibito,
1452 4833 1510 4895 vel
1530 4841 1663 4913 parato,
1685 4848 1751 4913 quo

400 4974 676 5046 praeserventur,
699 4967 862 5030 antidoto.
884 4966 1152 5031 Subtilissimum
1177 4967 1243 5029 hoc
1268 4967 1441 5030 humanae
1462 4965 1615 5029 malitiae
1635 4966 1752 5030 inven-

399 5108 485 5180 tum,
505 5117 548 5163 ac
568 5117 699 5165 novum
720 5101 931 5166 seductionis
951 5120 1070 5184 genus,
1094 5120 1162 5183 quo
1186 5100 1394 5183 simplicium
1418 5109 1553 5164 mentes
1575 5100 1676 5166 facile
1695 5101 1753 5165 im·

399 5234 581 5317 plicantur,
603 5254 709 5319 quam
729 5237 990 5320 diligentissime
1005 5237 1178 5303 revisores
1192 5238 1386 5317 advertant,
1407 5254 1450 5299 ac
1471 5253 1640 5301 censurae
1655 5235 1754 5301 subii·
