4309 6534
488 818 539 859 112
1072 809 1163 865 m..
1182 810 1239 867 m.

483 1032 520 1097 oi
537 1055 557 1096 a
575 1044 644 1095 sect
660 1027 755 1094 call’d
772 1026 849 1090 sree·
854 1028 1009 1095 thinkers.
1027 1031 1125 1096 Decr

483 1147 574 1205 roci.
592 1158 688 1221 1715.
705 1159 734 1203 v.
756 1136 941 1213 Collius
962 1138 1128 1219 Anthony.

522 1248 723 1318 Discourse
736 1243 766 1329 (a
779 1243 977 1327 seasonable)
986 1246 1130 1326 shewing

483 1360 554 1422 how
567 1358 637 1421 that
649 1357 704 1419 the
719 1355 812 1416 oatlrs
828 1353 865 1415 ol
873 1353 1049 1432 allegiance
1064 1355 1129 1417 and

482 1486 673 1548 supremacy
702 1462 830 1526 contain
860 1461 998 1540 nothing
1025 1463 1130 1525 which

482 1597 546 1655 any
561 1574 649 1654 good
666 1570 818 1636 christian
842 1571 944 1647 ought
960 1581 995 1634 to
1011 1572 1131 1650 boggle

484 1696 527 1758 at,
544 1680 657 1762 byW.
675 1682 709 1743 B.
728 1679 826 1741 Decr.
851 1677 887 1741 S.
915 1677 978 1759 Off.
994 1685 1128 1760 27sept

485 1799 575 1873 1679

529 1897 793 1983 Discoveryol
810 1918 828 1958 a
852 1917 919 1958 new
936 1895 1036 1958 world
1055 1915 1093 1958 or
1111 1916 1131 1957 a

484 2008 649 2073 discourse
664 2004 800 2084 tending
823 2017 857 2068 to
872 2023 972 2084 prove
991 2003 1086 2067 that’
1089 2004 1130 2067 tis

484 2115 638 2197 probable
662 2115 752 2178 there
768 2132 841 2193 may
862 2113 903 2175 be
924 2112 1060 2174 another
1077 2112 1130 2174 ha-

484 2224 605 2288 bitable
627 2221 760 2285 world
752 2242 783 2283 ιιι
807 2220 863 2282 the
885 2239 990 2293 moon,
1014 2218 1089 2281 with
1112 2240 1132 2281 a

486 2332 652 2397 discourse
668 2327 863 2407 concerning
879 2328 933 2391 the
948 2326 1131 2406 possibility

485 2442 523 2505 οἱ
540 2463 560 2503 a
582 2458 720 2521 passage
735 2436 866 2500 thither.
883 2436 982 2499 Decr
998 2453 1045 2513 25
1055 2443 1129 2516 apr

486 2567 577 2630 1701.
601 2568 631 2611 v.
655 2543 858 2618 Wilkins,
881 2544 974 2624 John

532 2654 733 2724 Discursus
762 2653 858 2715 sobre
887 2671 951 2713 una
981 2651 1133 2714 constitu·

487 2764 559 2828 cion
571 2761 720 2840 religiosa
732 2758 943 2822 considerada
955 2777 1049 2820 como
1063 2778 1132 2838 par·

488 2885 521 2936 te
543 2870 584 2931 de
606 2869 638 2931 la
660 2866 735 2929 civil
751 2864 905 2938 nacional,
922 2885 960 2927 su
976 2876 1070 2927 autor
1091 2884 1133 2925 un

487 2978 679 3050 americano‚
698 2974 746 3037 los
770 2976 812 3036 da
835 2970 854 3035 i
876 2974 926 3034 luz
940 2975 1043 3053 Juan
1060 2974 1132 3035 An-

488 3084 606 3151 tonio
629 3081 846 3145 Llorente.
871 3080 969 3142 Decr.
990 3085 1030 3142 2ό
1052 3100 1131 3159 aug.

488 3198 579 3257 1822.

530 3295 749 3367 Discussion
767 3294 955 3376 historique,
968 3294 1134 3377 juridique

487 3420 520 3472 et
549 3406 706 3488 politique
735 3423 792 3467 sur
818 3398 1009 3465 l'immunite
1039 3401 1134 3465 reelle

489 3514 546 3579 des
576 3512 693 3593 eglises
724 3522 757 3573 et
787 3522 895 3573 autres
922 3509 1007 3573 lieux
1030 3510 1136 3591 pieux,

486 3643 543 3688 sur
564 3618 689 3699 l'usage
715 3617 773 3680 des
795 3615 1132 3692 excommunications,

486 3731 557 3796 leur
581 3727 704 3807 origine
727 3737 760 3789 et
781 3725 867 3787 leurs
890 3725 992 3788 forces
1023 3737 1055 3788 et
1078 3745 1134 3788 sur

486 3840 518 3903 le
545 3835 701 3919 pritexte,
729 3853 792 3914 que
819 3831 981 3894 monsieur
1003 3830 1135 3896 l'arche

488 3944 593 4027 veqae
616 3942 658 4004 de
680 3940 815 4004 Malines
837 3935 915 4002 s'est
930 3937 1037 4001 donne
1052 3960 1135 4019 pour

488 4049 725 4118 exeommunier
747 4047 777 4110 le
800 4066 974 4127 procureur
1005 4044 1135 4126 gintral

489 4162 534 4223 du
550 4179 619 4239 roy,
635 4176 713 4221 avec
734 4154 792 4216 des
809 4152 976 4216 reflexions
991 4174 1047 4216 sur
1062 4150 1134 4216 l'or·

489 4269 656 4331 donnance
686 4263 730 4325 du
753 4261 858 4341 grand
889 4261 1008 4324 couseil
1040 4260 1083 4322 du
1115 4268 1133 4324 8

489 4386 583 4438 aoust
610 4387 705 4447 1700.
729 4370 829 4432 Decr.
854 4367 889 4432 S.
919 4367 982 4450 Off.
1004 4374 1043 4431 [ό
1067 4372 1134 4433 ian.

491 4502 768 4656 mgiseftacion
800 4582 970 4659 historica,
995 4584 1077 4662 legal
1113 4606 1135 4665 y

485 4694 617 4779 politica
629 4694 724 4757 sobre
739 4691 768 4753 el
780 4690 918 4753 celibato
933 4690 1060 4755 clerical
1075 4711 1137 4773 por

490 4806 533 4870 D.
550 4804 592 4867 D.
616 4803 660 4864 M.
681 4801 716 4863 B.
733 4799 770 4862 L.
794 4800 835 4863 A.
853 4799 895 4863 A.
919 4798 955 4862 C.
973 4800 1009 4863 L.
1035 4799 1133 4863 Decr.

443 4961 446 4976 .
495 4918 536 4976 26
557 4930 636 4990 aug.
663 4914 754 4971 1822.

535 5015 767 5101 Dispotismo
788 5016 825 5097 (il
848 5018 949 5096 vero).
975 5020 994 5048 “
1008 5013 1135 5078 Miseria

491 5144 676 5194 succurrere
684 5121 811 5189 disco.''
822 5123 912 5203 Virg.
921 5121 1055 5188 Aeneid.
1065 5124 1101 5187 L.
1112 5141 1134 5186 1.

492 5235 592 5300 Decr.
608 5251 649 5312 29
663 5237 760 5297 mart.
773 5249 871 5313 1773:
881 5229 922 5295 S.
940 5230 1004 5313 Off.
1009 5229 1082 5311 ser.
1100 5229 1134 5295 V.

1196 1042 1236 1100 26
1257 1055 1337 1116 aug
1362 1048 1452 1112 1773.
1489 1049 1518 1093 v.
1554 1030 1729 1106 Gorani,
1761 1030 1838 1094 Giu-

1197 1166 1213 1211 s

1214 1165 1453 1338 epliisputatio
1470 1254 1675 1335 periucunda,
1690 1277 1754 1337 qua
1767 1279 1841 1321 ano-

1197 1382 1313 1442 nymus
1351 1366 1487 1443 probare
1526 1364 1656 1438 nititur,
1693 1367 1840 1429 mulieres

1198 1469 1342 1533 homines
1359 1491 1422 1535 non
1436 1492 1522 1547 esse;
1547 1473 1596 1534 cui
1621 1473 1770 1554 opposita
1792 1487 1842 1538 est

1198 1578 1339 1643 Simonis
1354 1579 1485 1644 Gedicci
1501 1580 1643 1644 defensio
1666 1603 1761 1645 sexus
1778 1604 1843 1644 mu·

1197 1689 1316 1752 liebris.
1334 1690 1432 1753 Decr.
1449 1707 1495 1767 15
1508 1691 1594 1751 mair
1606 1708 1695 1769 1714.

1241 1795 1547 1879 Disputationum
1574 1796 1808 1858 selectiorum
1800 1818 1844 1859 ιιι-

1198 1904 1401 1983 auguralium
1430 1924 1470 1967 ex
1502 1904 1735 1969 difficillimis
1727 1906 1844 1967 rurium

1199 2011 1341 2075 materiis
1365 2011 1642 2092 desumptarum
1634 2032 1667 2074 m
1694 2012 1845 2075 basileen-

1198 2118 1844 2199 siumacademiapublicepropositarum,

1199 2226 1361 2289 volumina
1386 2225 1461 2289 duo.
1482 2225 1580 2288 Decr.
1605 2245 1645 2302 23
1667 2233 1843 2289 nov.1620.

1243 2330 1503 2417 tDisquisitio
1527 2330 1710 2410 theologica
1726 2331 1767 2394 de
1791 2353 1846 2413 po·

1200 2450 1316 2503 testate
1344 2460 1382 2502 ac
1416 2439 1637 2502 iurisdictione
1668 2440 1821 2521 quibus
1812 2462 1844 2503 m

1199 2546 1354 2610 foederati
1367 2546 1468 2626 Belgii
1481 2544 1654 2626 provinciis
1670 2547 1845 2611 etiamnum

1198 2653 1313 2716 t'ruitur
1346 2653 1607 2734 archiepiscopus
1641 2654 1844 2730 sebastenus,

1200 2762 1308 2825 ablato
1350 2760 1424 2824 licet
1461 2760 1616 2823 vicariatu
1654 2762 1845 2841 apostolico.

1200 2871 1306 2932 Brevi
1328 2866 1426 2933 Clem.
1443 2869 1504 2933 XI.
1522 2890 1544 2948 4
1566 2874 1622 2933 oct.
1647 2889 1738 2950 1707.

1244 2974 1468 3044 Dissertatio
1498 2975 1539 3038 de
1563 2996 1680 3038 coenae
1711 2976 1846 3039 admini-

1201 3082 1379 3158 stratione,
1403 3082 1458 3145 ubi
1487 3094 1632 3161 pastores
1660 3102 1723 3145 non
1753 3096 1844 3157 sunt;

1201 3190 1277 3254 item
1289 3210 1330 3252 an
1342 3208 1468 3269 semper
1481 3188 1780 3252 communicandum
1790 3211 1847 3270 per

1201 3296 1356 3376 symbola.
1381 3296 1478 3359 Decr.
1503 3315 1544 3357 22
1566 3302 1664 3359 mart.
1697 3302 1788 3377 1672.
1816 3318 1845 3362 o.

1201 3402 1398 3478 Grotius,
1423 3403 1533 3481 Hugo.

1243 3508 1466 3579 Dissertatio
1485 3509 1527 3571 de
1545 3508 1753 3572 conciliorum
1770 3530 1847 3591 quo·

1202 3616 1322 3681 rumvis
1360 3615 1598 3679 definitionibus
1632 3616 1675 3678 ad
1713 3636 1845 3680 examen

1202 3724 1399 3788 revocandis.
1433 3724 1530 3786 Decr.
1566 3743 1605 3800 13
1626 3723 1716 3803 febr.
1754 3742 1844 3802 1702.

1201 3853 1231 3895 v.
1255 3831 1387 3905 Allia,
1414 3831 1536 3893 Petrus.

1245 3937 1469 4007 Dissertatio
1500 3937 1541 4000 de
1570 3939 1677 4016 gratia
1711 3960 1746 4001 se
1775 3938 1846 4019 ipsa

1201 4047 1320 4112 efficaci
1332 4059 1364 4110 et
1378 4047 1418 4109 de
1430 4046 1731 4128 praedestinatione.
1747 4047 1844 4110 Decr.

1202 4175 1242 4217 12
1273 4158 1332 4219 r'ul.
1363 4173 1453 4234 1723.
1481 4174 1511 4218 v.
1547 4154 1845 4233 Migliavacca‚

1204 4263 1325 4327 Celsus.

1245 4367 1472 4437 Dissertatio
1486 4367 1544 4450 (de
1556 4367 1679 4430 ratione
1694 4381 1726 4431 er
1738 4380 1847 4430 aucto·

1203 4477 1297 4541 ritate
1335 4477 1504 4557 praecipue
1541 4496 1566 4539 s.
1603 4475 1777 4554 Augustini
1816 4475 1848 4536 in

1201 4587 1297 4649 rebus
1319 4584 1527 4664 theologicis,
1552 4604 1590 4646 ac
1620 4582 1786 4663 speciatim
1815 4582 1846 4644 in

1202 4691 1360 4756 tradendo
1377 4691 1531 4771 mysterio
1546 4689 1846 4771 praedestinationis

1202 4813 1235 4864 et
1263 4800 1403 4880 gratiae)
1432 4819 1504 4863 curn
1538 4797 1676 4878 prologo
1706 4799 1845 4876 galeato,

1204 4908 1302 4972 Decr.
1327 4925 1352 4985 5
1369 4905 1460 4987 febr.
1485 4923 1572 4986 1790.
1597 4926 1626 4969 v.
1653 4904 1769 4979 Zola,
1800 4905 1847 4966 lo·

1204 5017 1332 5098 sephus.

1247 5119 1472 5190 Dissertatio
1506 5119 1548 5181 de
1581 5118 1737 5198 sanguine
1760 5119 1791 5182 d.
1816 5139 1846 5180 ιι.

1205 5230 1276 5294 lesu
1308 5228 1428 5293 Christi
1458 5226 1501 5291 ad
1531 5227 1700 5308 epistolam
1727 5242 1846 5290 cxtvr.
