4309 6534
868 860 1051 908 suasorem
1071 861 1187 908 aaran
1209 862 1280 908 xrv,
1714 848 1756 913 29

397 1084 470 1133 non
490 1067 697 1149 dubitemus,
718 1077 758 1133 ut
778 1068 822 1132 ad
843 1068 1073 1150 referendum,
1095 1077 1130 1132 et
1152 1069 1403 1133 consulendum
1422 1067 1458 1133 in
1478 1070 1656 1151 praedicta
1670 1070 1756 1136 Con·

398 1203 624 1287 gregatione,
648 1204 673 1268 ii
696 1206 810 1269 solum
834 1204 1081 1285 admittantur,
1107 1204 1166 1287 qui
1192 1205 1373 1269 scientiam
1400 1223 1537 1287 rerum,
1563 1224 1650 1288 quas
1677 1207 1755 1271 libri

397 1340 505 1406 delati
532 1340 728 1422 respective
755 1341 948 1420 continent,
974 1339 1138 1404 diuturno
1158 1340 1274 1404 studio
1288 1339 1494 1420 acquisitam
1521 1341 1721 1422 possideant
1742 1378 1755 1388 ·

397 1479 500 1543 decet
521 1478 613 1543 enim
635 1480 679 1543 de
698 1480 831 1543 artibus
851 1481 945 1544 solos
965 1479 1118 1563 artifices
1137 1478 1291 1543 iudicare
1305 1496 1334 1541 -ε
1358 1478 1581 1543 nihilominus
1605 1480 1635 1543 si
1666 1480 1754 1545 sorte

398 1614 546 1695 eveniat,
567 1624 607 1678 ut
627 1614 731 1678 alicui
743 1632 807 1697 per
821 1631 976 1678 errorem
990 1613 1137 1677 materia
1150 1612 1266 1694 aliqua
1281 1612 1497 1676 discutienda
1517 1614 1755 1678 committatur

397 1752 444 1815 ab
463 1751 556 1816 illius
575 1750 808 1833 peculiaribus
828 1751 951 1815 studiis
970 1751 1100 1832 aliena,
1121 1750 1225 1832 idque
1245 1768 1267 1813 a
1288 1768 1448 1831 censore,
1473 1759 1534 1814 aut
1555 1752 1754 1815 consultore

397 1888 520 1967 electo,
535 1906 580 1951 ex
593 1887 669 1970 ipsa
688 1888 767 1954 libn’
786 1888 936 1953 lectione
957 1887 1250 1969 deprehendatur;
1271 1886 1408 1950 noverit
1428 1886 1520 1966 isse
1533 1903 1647 1967 neque
1661 1886 1754 1968 apud

396 2019 532 2102 Deum,
553 2039 667 2103 neque
686 2023 779 2104 apud
800 2021 959 2086 homines
979 2023 1083 2103 culpa
1103 2030 1329 2102 vacaturum,
1351 2020 1417 2085 nisi
1441 2020 1697 2102 quamprimum
1717 2020 1753 2083 id

395 2153 684 2239 Congregationi,
706 2164 767 2221 aut
787 2155 976 2220 secretario
1000 2155 1148 2237 aperiat,
1169 2173 1276 2237 seque
1304 2155 1349 2218 ad
1377 2154 1555 2218 serendam
1576 2154 1620 2218 de
1640 2153 1753 2218 huius

394 2289 491 2353 modi
510 2289 600 2354 libro
621 2309 806 2356 censuram
830 2290 944 2355 minus
971 2300 1093 2372 aptum
1119 2290 1305 2372 professus
1327 2288 1434 2352 alium
1456 2288 1569 2371 magis
1588 2287 1752 2352 idoneum

394 2426 441 2490 ad
461 2426 497 2490 id
518 2426 671 2491 muneris
691 2426 874 2510 subrogari
895 2434 1013 2490 curet:
1034 2443 1104 2507 quo
1124 2432 1261 2489 tantum
1285 2424 1403 2505 abest,
1428 2433 1467 2488 ut
1488 2422 1752 2487 existimationis

394 2579 481 2625 suae
511 2536 730 2643 dispendium
759 2560 852 2643 apud
883 2559 1099 2639 Pontificem,
1129 2568 1164 2623 et
1195 2558 1399 2623 Cardinales
1428 2574 1596 2639 passurus
1627 2555 1684 2636 sit,
1713 2565 1752 2620 ut

393 2716 562 2782 magnam
591 2698 707 2781 potius
726 2697 920 2781 probitatis,
943 2707 978 2763 et
998 2697 1161 2762 candoris
1184 2697 1381 2779 opinionem
1406 2706 1441 2761 et
1462 2697 1602 2761 laudem
1623 2695 1687 2761 sibi
1707 2694 1752 2760 sit

394 2832 653 2898 conciliaturus.

472 2970 492 3050 ξ
515 2972 561 3034 17.
582 2969 638 3033 ΠΙ,
666 2968 720 3033 De
741 2968 847 3033 variis
874 2968 1111 3052 opinionibus,
1140 2975 1245 3050 atque
1272 2966 1453 3032 sententiis
1479 2965 1515 3030 in
1543 2984 1752 3049 unoquoque

393 3103 482 3168 libro
503 3103 685 3183 contentis
706 3103 823 3167 animo
843 3122 865 3167 a
885 3103 1106 3185 praeiudiciis
1126 3101 1287 3167 omnibus
1307 3120 1430 3181 vacuo,
1449 3101 1673 3166 iudicandum
1687 3101 1752 3165 sibi

393 3257 471 3303 esse
492 3237 613 3302 sciant.
636 3237 756 3319 Itaque
777 3238 934 3317 nationis,
950 3237 1109 3318 familiae,
1132 3239 1282 3319 scholae,
1303 3237 1451 3301 instituti
1472 3238 1636 3303 aflectum
1651 3258 1752 3305 excu-

392 3369 497 3449 tiant,
517 3369 633 3434 studia
652 3369 804 3451 partium
825 3378 1008 3451 seponant;
1030 3370 1209 3434 Ecclesiae
1230 3379 1373 3434 sanctae
1398 3369 1582 3452 dogmata,
1605 3379 1640 3433 et
1661 3388 1750 3434 com·

392 3525 535 3571 munem
555 3506 808 3570 catholicorum
829 3506 1032 3587 doctrinam,
1048 3524 1138 3589 quae
1157 3506 1383 3571 conciliorum
1404 3504 1621 3589 generalium
1635 3505 1750 3569 decre

392 3642 444 3723 tis,
459 3660 686 3708 romanorum
710 3642 916 3707 Pontificum
930 3642 1241 3722 constitutionibus
1257 3651 1292 3706 et
1307 3641 1582 3706 orthodoxorum
1600 3651 1749 3723 patrum,

392 3786 496 3860 atque
517 3779 701 3843 doctorum
722 3796 894 3843 consensu
915 3778 1121 3860 continetur,
1136 3778 1237 3843 unice
1258 3796 1343 3861 prae
1363 3778 1475 3843 oculis
1494 3779 1660 3859 habeant;
1681 3779 1748 3842 hoc

393 3914 435 3978 de
453 3923 596 3978 caetero
617 3914 821 3997 cogitantes,
843 3931 913 3977 non
934 3931 1066 3996 paucas
1095 3931 1171 3979 esse
1195 3915 1383 3997 opiniones
1406 3933 1496 3997 quae
1516 3914 1576 3978 uni
1597 3916 1747 3996 scholae,

392 4049 559 4128 instituto,
573 4057 634 4112 aut
648 4047 779 4112 nationi
800 4057 897 4111 certo
918 4048 1086 4113 certiores
1105 4048 1276 4129 videntur,
1292 4059 1327 4114 et
1341 4050 1572 4131 nihilominus
1588 4050 1662 4114 sine
1676 4052 1748 4115 ullo

393 4183 489 4263 fidei,
510 4190 572 4247 aut
593 4181 770 4265 religionis
797 4181 1025 4262 detrimento,
1048 4182 1093 4245 ab
1113 4181 1190 4246 aliis
1218 4183 1399 4247 catholicis
1426 4182 1511 4247 viris
1530 4183 1746 4264 reiiciuntur,

393 4327 494 4401 atque
514 4318 773 4400 impugnantur,
795 4317 1042 4400 oppositaeque
1064 4316 1304 4398 defenduntur,
1320 4318 1451 4381 sciente
1469 4335 1511 4381 ac
1525 4317 1747 4398 permittente

393 4453 581 4535 apostolica
610 4452 720 4534 Sede,
749 4471 838 4536 quae
865 4470 1147 4535 unamquamque
1175 4452 1371 4534 opinionem
1399 4452 1596 4518 huiusmodi
1622 4452 1658 4518 in
1683 4472 1746 4518 suo

395 4587 642 4668 probabilitatis
661 4587 774 4670 gradu
794 4587 966 4670 relinquit.

466 4721 486 4801 ξ
516 4720 562 4785 18.
591 4720 650 4785 Ν.
682 4721 759 4784 Hoc
789 4738 928 4803 quoque
958 4721 1144 4805 diligenter
1174 4722 1522 4788 animadvertendum
1553 4742 1744 4806 monemus

396 4852 483 4919 haud
503 4862 641 4919 rectum
661 4853 826 4919 iudicium
847 4856 891 4920 de
911 4874 997 4920 vero
1017 4858 1171 4921 auctoris
1195 4875 1299 4922 sensu
1325 4858 1400 4923 lieri
1419 4876 1540 4941 posse,
1565 4860 1632 4924 nisi
1652 4861 1746 4925 omni

397 5005 435 5053 ex
453 5000 553 5073 parte
574 4989 667 5054 illius
687 4990 774 5055 liber
793 4992 952 5074 legatur,
974 5010 1133 5074 quaeque
1152 4992 1299 5056 diversis
1318 4993 1354 5057 in
1375 4994 1461 5058 locis
1481 4994 1602 5077 posita,
1625 5005 1659 5060 et
1680 4999 1745 5061 col-

397 5120 502 5186 locata
533 5131 634 5202 sunt,
662 5121 754 5186 inter
783 5141 822 5188 se
853 5133 1115 5205 comparentur;
1147 5124 1349 5189 universum
1379 5135 1562 5208 praeterea
1591 5129 1744 5195 auctoris

399 5255 581 5337 consilium,
602 5263 638 5319 et
657 5254 855 5322 institutum
881 5264 1015 5322 attente
1042 5257 1253 5341 dispiciatur,
1274 5277 1386 5341 neque
1410 5277 1496 5324 vero
1517 5279 1562 5325 ex
1586 5280 1664 5343 una,
1685 5265 1743 5326 vel
