4309 6534
865 786 1048 835 naunnrcn
1069 788 1185 835 eman
1204 786 1276 835 xrv.
1706 769 1748 837 21

473 988 493 1067 §
511 987 542 1051 2.
561 986 631 1051 Sed
652 986 816 1069 quoniam
830 996 1048 1070 compertum
1065 996 1119 1053 est
1132 987 1241 1069 nobis,
1259 996 1364 1070 atque
1378 989 1608 1070 exploratum,
1622 990 1752 1054 multas

393 1122 563 1186 librorum
584 1123 869 1204 proscriptiones
889 1122 1096 1205 praesertim
1117 1141 1266 1206 quorum
1287 1134 1450 1188 auctores
1470 1123 1634 1189 catholici
1653 1132 1750 1204 sunt,

393 1257 542 1339 publicis
561 1256 748 1339 aliquando
761 1257 966 1340 iniustisque
980 1258 1132 1341 querelis
1145 1259 1181 1322 in
1195 1259 1501 1341 reprehensionem
1517 1260 1653 1342 adduci,
1669 1270 1753 1324 tam·

393 1409 500 1473 quam
520 1390 551 1456 si
571 1400 723 1473 temere,
747 1410 790 1456 ac
817 1392 1051 1475 perfunctorie
1071 1393 1108 1457 in
1128 1393 1358 1458 tribunalibus
1384 1393 1513 1458 nostris
1533 1413 1576 1458 ea
1596 1412 1654 1459 res
1674 1414 1753 1479 age

393 1532 508 1605 retur,
529 1541 657 1606 operae
678 1524 828 1606 pretium
849 1526 1021 1607 duximus,
1036 1528 1103 1590 hac
1123 1535 1244 1591 nostra
1263 1534 1433 1609 perpetuo
1453 1527 1604 1591 valitura
1622 1526 1753 1593 Consti·

392 1660 544 1742 tutione,
572 1670 688 1726 certas
716 1661 904 1745 firmasque
935 1664 1077 1747 regulas
1106 1681 1316 1745 proponere,
1344 1663 1443 1727 iuxta
1473 1682 1561 1745 quas
1589 1663 1753 1746 deinceps

391 1794 562 1861 librorum
593 1815 742 1863 examen
775 1798 1009 1881 iudiciumque
1042 1808 1252 1882 peragatur,
1283 1799 1423 1863 tametsi
1453 1801 1556 1881 plane
1587 1799 1752 1864 affirmari

391 1932 519 2013 possit,
544 1932 695 2015 idipsum
715 1933 936 2016 iampridem,
962 1936 1019 1998 vel
1040 1934 1164 1999 eadem
1184 1952 1328 2016 prorsus
1355 1934 1505 2016 ratione,
1529 1936 1588 2000 vel
1608 1936 1676 1999 alia
1696 1955 1754 2001 ae-

392 2064 608 2147 quipollenti,
630 2076 832 2133 constanter
851 2077 971 2133 actum
991 2069 1107 2133 fuisse.

475 2200 494 2281 §
514 2202 543 2265 3.
565 2201 674 2267 Porro
694 2221 860 2268 romanae
880 2202 1088 2268 universalis
1109 2201 1341 2285 Inquisitionis
1361 2201 1596 2287 Congregatio
1617 2222 1662 2268 ex
1682 2205 1753 2286 plu·

391 2338 491 2404 ribus
512 2349 648 2404 constat
669 2349 812 2406 sanctae
833 2358 999 2404 romanae
1020 2338 1199 2403 Ecclesiae
1213 2338 1456 2402 Cardinalibus
1475 2356 1498 2400 a
1518 2356 1655 2402 summo
1669 2337 1753 2403 Pon·

391 2474 488 2538 tifice
509 2474 662 2556 delectis,
687 2492 837 2557 quorum
856 2475 916 2538 alii
936 2490 1058 2538 sacrae
1079 2473 1285 2556 theologiae,
1310 2472 1370 2536 alii
1393 2472 1552 2537 canonici
1571 2472 1656 2537 iuris
1677 2473 1753 2536 doc-

392 2607 507 2688 trina,
538 2608 597 2671 alii
631 2608 947 2673 ecclesiasticarum
978 2625 1097 2671 rerum
1128 2606 1270 2689 peritia,
1302 2624 1556 2689 munerumque
1587 2624 1753 2670 romanae

394 2742 516 2807 curiae
536 2741 793 2823 exercitatione,
808 2741 1013 2824 prudentiae
1028 2741 1178 2821 demum,
1192 2759 1236 2805 ac
1250 2741 1431 2823 probitatis
1448 2742 1561 2822 laude,
1576 2741 1754 2823 conspicui

393 2880 578 2942 habentur.
599 2878 664 2942 His
682 2877 884 2961 adiungitur
903 2895 994 2942 unus
1014 2895 1059 2941 ex
1080 2894 1246 2941 romanae
1266 2877 1385 2941 curiae
1404 2878 1631 2959 praesulibus,
1649 2898 1754 2962 quem

393 3031 611 3078 assessorem
640 3022 789 3093 vocant,
816 3031 907 3077 unus
938 3013 1043 3077 etiam
1074 3030 1119 3076 ex
1149 3010 1279 3076 Ordine
1306 3012 1600 3095 Praedicatorum,
1631 3033 1754 3080 sacrae

395 3146 595 3230 theologiae
615 3146 792 3230 magister,
810 3163 915 3229 quem
935 3145 1213 3210 commissarium
1227 3147 1420 3228 appellant;
1441 3156 1559 3212 certus
1572 3155 1755 3229 praeterea

393 3283 636 3347 consultorum
664 3300 849 3363 numeruS,
873 3282 998 3365 quiex
1018 3291 1167 3364 utroque
1195 3284 1290 3347 clero
1314 3283 1505 3365 saeculari,
1530 3302 1572 3347 ac
1600 3284 1754 3368 regulari

392 3425 641 3497 assumuntur;
664 3416 724 3480 alii
743 3417 886 3480 demum
904 3426 1124 3498 praestantes
1145 3417 1304 3482 doctrina
1323 3417 1406 3499 viri,
1432 3418 1491 3499 qui
1511 3436 1533 3481 a
1553 3417 1754 3502 Congrega·

393 3554 489 3618 tione
502 3553 597 3634 iussi,
612 3553 656 3618 de
668 3553 766 3618 libris
779 3571 963 3618 censuram
983 3553 1188 3636 instaurant,
1202 3554 1312 3637 iisque
1333 3554 1611 3636 qualificatorum
1624 3572 1753 3619 nomen

393 3690 565 3754 tributum
585 3697 648 3754 est.
668 3687 723 3754 De
742 3689 849 3754 variis
868 3689 904 3754 in
924 3691 1082 3771 praelata
1101 3689 1390 3774 Congregatione,
1405 3689 1516 3772 iisque
1537 3689 1753 3773 gravissimis

394 3826 501 3888 rebus
520 3822 647 3907 agitur,
660 3823 697 3887 in
716 3823 837 3905 primis
856 3833 975 3888 autem
996 3824 1040 3888 de
1060 3824 1176 3888 causis
1195 3824 1284 3905 fidei,
1306 3842 1348 3888 ac
1370 3825 1413 3888 de
1431 3824 1589 3905 personis
1602 3823 1753 3887 violatae

395 3958 575 4043 religionis
588 3957 666 4022 reis
681 3957 730 4021 At
744 3976 825 4022 cum
839 3958 965 4022 librum
978 3958 1131 4041 aliquem
1148 3959 1193 4022 ad
1208 3978 1294 4040 eam,
1309 3969 1489 4042 tamquam
1502 3959 1753 4042 proscriptione

395 4096 558 4180 dignum,
580 4094 708 4158 deferri
728 4094 927 4177 contigerit,
949 4094 1015 4159 nisi
1042 4094 1088 4157 ad
1116 4094 1241 4159 Indicis
1261 4094 1594 4179 Congregationem,
1619 4096 1754 4160 utheri

395 4230 603 4311 plerumque
622 4229 725 4308 solet,
746 4227 969 4293 iudicandum
989 4229 1160 4310 remittat,
1182 4229 1245 4293 sed
1263 4248 1328 4311 pro
1348 4247 1467 4294 rerum
1488 4239 1754 4312 temporumque

396 4364 531 4428 ratione
559 4362 624 4427 sibi
647 4363 691 4427 de
718 4362 778 4427 illo
799 4364 1082 4447 cognoscendum
1103 4382 1180 4428 esse
1200 4365 1404 4447 arbitretur;
1428 4384 1507 4446 nOS,
1532 4365 1754 4430 inhaerentes

396 4499 539 4563 decreto
561 4499 632 4561 lato
652 4498 698 4561 ab
717 4498 841 4563 eadem
861 4497 1141 4582 Congregatione
1162 4500 1248 4563 feria
1268 4508 1392 4581 quarta
1411 4500 1568 4564 kalendis
1583 4500 1659 4565 Iulii
1672 4502 1754 4565 anni

396 4632 572 4697 millesimi
598 4631 897 4715 septingentesimi
923 4632 1215 4717 quinquagesimi,
1240 4643 1346 4715 atque
1373 4652 1394 4697 a
1422 4635 1521 4699 nobis
1548 4636 1754 4701 confirmato

398 4768 483 4833 seria
510 4766 633 4850 quinta
658 4767 878 4849 insequente,
903 4769 970 4833 hac
997 4770 1147 4852 ratione,
1173 4779 1208 4834 et
1236 4772 1401 4835 methodo
1428 4771 1594 4837 iudicium
1621 4772 1754 4838 institui

397 4901 616 4965 mandamus

476 5037 496 5116 §
515 5037 545 5100 4.
566 5035 683 5100 Primo
703 5036 867 5103 nimirum
891 5037 952 5102 uni
972 5056 1017 5102 ex
1037 5039 1347 5122 qualificatoribus,
1371 5049 1432 5104 aut
1456 5041 1712 5106 consultoribus
1732 5060 1754 5105 a

397 5176 680 5263 Congregatione
711 5180 941 5265 designando,
962 5182 1049 5247 liber
1079 5184 1256 5266 tradatur,
1280 5202 1385 5267 quem
1415 5185 1446 5249 is
1473 5193 1607 5251 attento
1638 5186 1754 5251 animo
