4309 6534
957 777 1171 826 PRAEFATIO.
1656 777 1733 824 xvn

478 989 677 1085 Reliquum
705 1003 775 1074 est,
806 1002 847 1060 ut
874 1011 951 1083 quo
984 986 1192 1084 expeditior
1220 988 1268 1060 sit
1296 987 1427 1061 lndicis
1460 1013 1562 1073 usus,
1597 989 1733 1062 modus

401 1129 439 1204 in
457 1152 505 1204 eo
523 1129 778 1204 concinnando
796 1128 972 1224 librisque
999 1128 1253 1204 describendis
1272 1145 1452 1216 servatus,
1483 1130 1612 1226 paucis
1639 1130 1734 1205 indi-

398 1290 511 1349 cetur.

477 1418 532 1491 Ut
563 1419 676 1493 editio
709 1418 800 1492 haec
833 1419 1000 1492 Leonina
1032 1419 1343 1515 praecedentibus
1381 1419 1614 1493 emendatior
1644 1445 1732 1493 eva·

397 1563 513 1649 deret,
544 1578 661 1659 utque
689 1560 922 1658 corruptelae
950 1562 1227 1638 eliminarentur
1245 1588 1386 1648 omnes,
1408 1588 1505 1660 quae
1534 1578 1591 1638 tot
1616 1588 1734 1638 anno-

398 1730 478 1779 rum
506 1732 618 1781 cursu
646 1707 682 1779 in
710 1722 768 1781 tot
790 1704 985 1795 editiones,
1007 1707 1152 1803 privata
1179 1708 1291 1782 etiam
1320 1708 1545 1806 quandoque
1572 1711 1732 1783 auctori-

397 1864 474 1923 tate
502 1846 628 1933 lactas,
650 1851 887 1947 irrepserant,
917 1850 1116 1948 diligenter
1142 1849 1350 1924 laboratum
1378 1865 1448 1937 est,
1468 1852 1732 1950 pervestigatis

396 2008 475 2065 tum
502 1993 693 2067 tabulariis
721 1992 759 2069 S.
791 1993 1106 2092 Congregationis
1142 1992 1275 2067 Indicis
1308 2019 1350 2068 ac
1383 2020 1559 2069 romanae
1586 2011 1625 2067 et
1656 1996 1731 2069 uni·

396 2136 550 2210 versalis
578 2136 839 2233 Inquisitionis,
861 2152 941 2210 tum
968 2137 1202 2211 bibliothecis
1230 2139 1308 2210 sive
1334 2138 1447 2212 Urbis
1475 2140 1554 2212 sive
1581 2140 1728 2214 exteris.

476 2280 575 2354 Libri
594 2307 753 2377 quorum
772 2294 946 2355 auctores
965 2281 1000 2354 in
1020 2282 1103 2376 ipso
1120 2279 1227 2355 titulo
1242 2307 1327 2355 sese
1350 2281 1645 2371 manifestarunt,
1660 2285 1731 2358 sub

396 2450 525 2498 eorum
546 2424 828 2521 cognominibus
856 2424 985 2498 ordine
1011 2422 1247 2520 alphabetico
1275 2424 1493 2512 reseruntur,
1515 2424 1728 2512 subiunctis

397 2571 606 2667 ubicunque
642 2569 752 2657 licuit,
783 2569 1001 2642 eorumdem
1034 2570 1147 2643 etiam
1184 2570 1403 2645 nominibus.
1441 2571 1546 2644 Haec
1584 2572 1731 2645 nomina

396 2743 545 2813 semper
572 2718 718 2814 integra
745 2715 933 2813 descripta
961 2715 1119 2802 suerunt,
1154 2742 1200 2791 ne
1228 2717 1260 2791 si
1289 2743 1362 2792 una
1389 2716 1554 2792 alterave
1581 2745 1629 2792 ex
1656 2717 1731 2815 syl··

395 2860 489 2935 labis
517 2873 760 2946 truncaretur,
792 2885 875 2933 cum
902 2860 983 2934 aliis
1012 2860 1190 2935 similibus
1213 2876 1371 2957 possent
1389 2860 1573 2936 conlundi.
1600 2861 1730 2936 Nomi-

395 3003 503 3077 nibus
530 3004 629 3077 veris
656 3004 900 3100 aequiparata
926 3003 1076 3077 suerunt
1104 3004 1253 3077 nomina
1280 3004 1366 3077 ficta
1393 3030 1459 3078 seu
1491 3003 1667 3077 ementita
1694 3004 1730 3077 in

396 3146 503 3219 titulo
530 3171 723 3243 expressa.

477 3287 638 3362 Nomina
666 3287 796 3376 italica,
816 3289 951 3385 quibus
970 3289 1259 3385 praemittuntur
1282 3289 1446 3385 syllabae
1476 3290 1547 3377 De,
1569 3289 1653 3379 Del,
1681 3289 1729 3362 Di

393 3446 477 3514 etc,
507 3455 604 3526 quae
631 3447 777 3526 partem
796 3431 954 3505 nominis
973 3432 1199 3505 constituere
1227 3432 1410 3516 videntur,
1432 3433 1467 3504 in
1496 3431 1610 3505 hocce
1631 3445 1727 3506 cata·

393 3573 482 3671 logo
511 3598 661 3670 semper
687 3573 864 3669 incipiunt
891 3575 939 3648 ab
967 3574 1027 3647 illa
1054 3571 1197 3669 syllaba
1226 3575 1298 3671 (ex.
1319 3599 1376 3672 gr.
1400 3574 1459 3647 De
1479 3575 1591 3660 Luca,
1614 3574 1726 3673 Degli

394 3714 542 3801 Albizzi,
573 3714 646 3789 Del
677 3716 819 3800 Buono,
850 3715 900 3788 Di
929 3716 1092 3813 Chiara).
1122 3760 1148 3770 -
1176 3716 1278 3789 Idem
1306 3715 1440 3789 modus
1468 3733 1641 3791 servatus
1670 3733 1729 3791 est

394 3856 429 3927 in
458 3856 667 3931 nominibus
686 3858 879 3946 flandricis,
902 3860 1119 3955 compositis
1147 3885 1230 3934 cum
1258 3858 1408 3955 syllabis
1428 3860 1522 3946 Van,
1544 3862 1628 3934 Van
1656 3860 1729 3934 den

393 4015 463 4073 etc.
494 3996 567 4101 (ex.
598 4026 655 4098 gr.
685 3999 767 4073 Van
796 4001 935 4097 Espen,
966 4001 1049 4074 Van
1079 4002 1126 4075 de
1145 4000 1318 4099 Velden).
1338 4046 1365 4056 -
1384 4003 1554 4076 Eandem
1577 4028 1729 4100 quoque

392 4142 561 4240 regulam
589 4161 776 4217 servatam
806 4146 970 4240 reperies
999 4146 1035 4217 in
1063 4143 1272 4218 nominibus
1305 4144 1447 4243 gallicis
1475 4146 1729 4241 incipientibus

393 4310 416 4358 a
444 4284 593 4381 syllabis
622 4287 713 4372 Dea,
745 4287 819 4371 Du,
850 4288 914 4374 La,
946 4288 999 4361 Le
1029 4284 1105 4389 (ex.
1135 4314 1191 4386 gr.
1224 4290 1305 4363 Des
1330 4289 1464 4375 Voeux,
1496 4291 1559 4363 Du
1579 4290 1726 4376 PlessiS,

394 4429 449 4502 La
478 4429 632 4516 Combe,
664 4431 717 4503 Le
747 4430 966 4528 Courayer),
1006 4455 1148 4504 necnon
1186 4433 1222 4504 in
1259 4433 1301 4505 iis
1341 4433 1558 4517 nominibus,
1594 4433 1729 4528 quibus

393 4573 640 4669 praemittitur
677 4573 819 4670 syllaba
855 4575 961 4648 Saint
997 4574 1056 4648 vel
1094 4567 1221 4649 Sainte
1260 4578 1308 4674 (v.
1346 4602 1403 4673 gr.
1444 4575 1726 4662 Saint-Acheul,

392 4715 654 4818 Sainte·Foy);
683 4718 806 4793 omnia
838 4734 964 4792 autem
998 4721 1146 4793 nomina
1183 4745 1281 4815 quae
1314 4721 1488 4817 incipiunt
1523 4746 1546 4793 a
1582 4722 1728 4797 duabus

392 4860 543 4957 syllabis
564 4861 624 4935 De
646 4861 692 4948 la,
714 4864 784 4936 sub
808 4863 861 4936 La
890 4863 1077 4960 descripta
1106 4863 1253 4937 suerunt
1272 4865 1486 4962 postposita
1507 4864 1648 4961 syllaba
1668 4866 1728 4941 De

392 4999 468 5105 (ex.
488 5028 545 5100 gr.
572 5004 627 5075 La
655 5004 847 5087 Fontaine,
868 5004 958 5098 Jean
986 5002 1062 5106 de).
1093 5004 1183 5079 Sola
1211 5007 1323 5104 igitur
1351 5006 1491 5103 syllaba
1520 5008 1580 5080 De
1608 5008 1726 5080 nomi·

392 5146 498 5220 nibus
539 5146 680 5242 gallicis
722 5172 872 5244 semper
912 5148 1107 5222 subiuncta
1142 5148 1229 5236 fuit,
1267 5150 1310 5222 iis
1352 5163 1478 5223 tamen
1519 5149 1727 5225 nominibus
