4309 6534
866 790 1048 838 nauantem
1072 792 1187 838 auena
1208 792 1279 837 xrv.
1709 776 1750 839 27

392 992 437 1057 de
457 992 555 1074 libro,
577 992 676 1058 cuius
696 992 843 1057 materia
863 992 1035 1076 gravioris
1049 993 1217 1058 momenti
1236 994 1290 1073 sit,
1311 992 1477 1057 iudicium
1497 1002 1624 1076 agatur
1645 992 1750 1075 (quod

392 1122 458 1187 erit
478 1122 579 1188 nobis
598 1123 809 1204 facillimum,
831 1142 939 1207 quum
960 1126 1083 1190 eadem
1104 1125 1339 1209 Congregatio
1360 1127 1513 1210 qualibet
1528 1127 1612 1191 seria
1630 1127 1750 1210 quinta

393 1276 513 1323 coram
544 1259 645 1323 nobis
677 1261 877 1340 habeatur);
908 1261 1028 1325 sicet
1063 1262 1190 1326 Indicis
1224 1261 1495 1345 Congregationi
1518 1263 1751 1344 praesentiam

392 1407 549 1461 nostram
569 1397 770 1480 impendere
790 1397 904 1479 parati
924 1415 1064 1477 sumuS,
1087 1396 1222 1479 quoties
1248 1396 1300 1461 rei
1327 1397 1483 1480 gravitas
1503 1397 1539 1461 id
1559 1397 1751 1479 promereri

391 1531 575 1596 videbitur.
596 1531 718 1614 Neque
739 1532 832 1597 enim
852 1532 887 1596 id
908 1550 997 1614 opus
1017 1550 1094 1596 esse
1122 1531 1308 1596 dicendum
1332 1542 1404 1613 est,
1427 1550 1534 1614 quum
1554 1534 1612 1597 vel
1633 1534 1750 1597 haere·

393 1666 454 1730 tici
473 1668 625 1733 hominis
644 1668 731 1733 liber
752 1667 1000 1749 denunciatur,
1022 1668 1058 1732 in
1079 1686 1148 1751 quo
1168 1678 1291 1733 auctor
1319 1688 1457 1734 errores
1477 1669 1649 1734 catholico
1671 1670 1751 1754 dog·

392 1801 480 1865 mati
498 1802 727 1868 adversantes
757 1805 917 1868 consulto
942 1803 1066 1884 tradit,
1092 1810 1153 1866 aut
1184 1812 1318 1884 tuetur,
1338 1805 1396 1867 vel
1427 1821 1515 1884 opus
1545 1804 1685 1885 aliquod
1715 1804 1751 1868 in

393 1954 544 2000 examen
574 1937 777 2019 adducitur,
809 1957 878 2021 quo
909 1948 1027 2003 rectae
1058 1957 1195 2003 morum
1226 1940 1369 2023 regulae
1403 1940 1676 2021 labefactantur,
1708 1958 1751 2003 ac

392 2072 500 2152 vitiis,
526 2081 561 2136 et
589 2074 795 2155 corruptelis
827 2074 979 2138 tomenta
1010 2074 1230 2156 praebentur.
1262 2074 1300 2138 In
1330 2074 1384 2138 his
1415 2074 1507 2138 enim
1539 2074 1676 2139 casibus
1707 2092 1752 2138 ne
1865 2139 1868 2144 .

393 2207 472 2273 illas
493 2208 652 2291 quidem,
674 2228 761 2292 quas
781 2229 887 2293 supra
908 2210 1128 2292 scripsimus,
1150 2211 1386 2274 accuratiores
1410 2212 1566 2274 cautelas
1586 2210 1751 2275 adhibere

393 2363 539 2410 necesse
567 2346 650 2426 erit;
671 2347 733 2411 sed
760 2348 937 2412 haeretico
965 2348 1143 2431 dogmate,
1166 2349 1223 2411 vel
1251 2365 1360 2429 pravo
1388 2347 1496 2411 moris
1526 2347 1752 2412 incitamento

394 2482 504 2545 semel
539 2491 737 2563 comperto,
772 2482 1034 2565 proscriptionis
1065 2482 1246 2546 decretum
1279 2483 1372 2546 illico
1407 2482 1633 2547 sanciendum
1665 2483 1749 2564 erit,

394 2616 494 2681 iuxta
524 2616 685 2698 primam,
714 2618 918 2698 secundam,
944 2626 979 2681 et
1006 2617 1190 2699 septimam
1219 2617 1345 2682 Indicis
1372 2618 1514 2700 regulas
1537 2616 1752 2681 sacrosancti

395 2749 574 2814 tridentini
595 2751 733 2815 concilii
752 2751 849 2816 iussu
870 2752 990 2832 editas,
1011 2761 1118 2834 atque
1138 2754 1311 2835 vulgatas.
1332 2752 1350 2790 *

475 2883 494 2964 §
517 2884 563 2948 12.
584 2883 673 2949 Cum
694 2885 730 2950 in
750 2886 976 2967 praelaudata
1004 2886 1285 2969 congregatione
1313 2887 1424 2951 sancti
1445 2885 1555 2951 Officii
1579 2887 1752 2952 severissi-

396 3019 462 3084 mis
482 3021 619 3104 legibus
633 3031 775 3085 cautum
789 3021 842 3101 sit,
858 3041 901 3086 ne
917 3023 959 3086 de
973 3023 1080 3086 rebus
1093 3022 1249 3086 eiusdem
1263 3020 1554 3104 Congregationis
1569 3022 1752 3104 quisquam

396 3169 477 3217 cum
498 3153 567 3218 alio
595 3164 696 3218 extra
722 3154 818 3218 illam
845 3156 1022 3237 loquatur;
1043 3173 1107 3218 nos
1135 3156 1225 3218 hanc
1254 3156 1412 3220 eamdem
1441 3156 1567 3220 silentii
1593 3158 1710 3240 legem
1730 3175 1752 3220 a

396 3286 612 3367 relatoribus,
634 3286 898 3367 consultoribus
917 3296 952 3351 et
973 3287 1215 3352 Cardinalibus
1229 3287 1519 3371 congregationis
1540 3289 1665 3354 Indicis
1679 3290 1753 3354 reli·

396 3423 492 3506 giose
513 3424 777 3488 custodiendam
797 3422 1037 3505 praecipimus.
1067 3423 1163 3487 Illius
1190 3432 1308 3488 tamen
1333 3423 1521 3487 secretario
1541 3432 1752 3507 potestatem

398 3559 562 3639 iacimus,
590 3568 630 3623 ut
660 3560 980 3625 animadversiones
1010 3560 1046 3624 in
1077 3561 1184 3624 libros
1216 3577 1385 3624 censurae
1416 3560 1608 3640 subiectos,
1631 3579 1752 3625 eorum

398 3694 606 3774 auctoribus,
626 3697 685 3759 vel
705 3694 782 3759 aliis
801 3695 940 3759 illorum
964 3695 1104 3760 nomine
1129 3695 1321 3778 agentibus,
1344 3702 1379 3759 et
1403 3695 1666 3776 postulantibus
1687 3697 1753 3760 sub

400 3830 520 3893 eadem
540 3829 667 3894 secreti
687 3830 766 3912 lege
788 3830 1046 3895 communicare
1061 3840 1180 3912 queat;
1201 3829 1396 3913 suppressis
1413 3849 1551 3912 semper
1571 3830 1753 3895 denuncia-

400 3963 492 4042 toris,
514 3964 737 4045 censorisque
759 3963 965 4028 nominibus

475 4098 495 4179 §
517 4099 564 4163 13.
584 4099 840 4180 ExaminandiS,
859 4100 1142 4183 corrigendisque
1163 4099 1259 4164 libris
1278 4107 1537 4181 peropportuna
1557 4108 1647 4180 sunt,
1662 4117 1752 4181 quae

401 4231 520 4297 decem
540 4233 672 4316 regulis
693 4233 818 4297 Indicis
837 4252 859 4297 a
878 4235 1035 4316 patribus
1057 4233 1263 4298 tridentinae
1285 4235 1410 4314 synodi
1433 4232 1618 4313 consectis,
1647 4242 1752 4315 atque

402 4364 498 4429 editis
528 4366 759 4430 continentur.
791 4366 829 4430 ln
859 4366 1087 4430 instructione
1117 4375 1236 4430 autem
1267 4366 1376 4431 selicis
1408 4365 1657 4430 recordationis
1680 4366 1753 4430 Cle-

403 4501 524 4566 mentis
544 4502 660 4583 Papae
681 4502 771 4582 VIII,
794 4503 925 4568 eisdem
946 4504 1077 4588 regulis
1097 4504 1242 4584 adiecta,
1270 4504 1326 4567 Tit.
1352 4506 1392 4567 de
1416 4503 1624 4567 correctione
1652 4504 1753 4567 libra

405 4653 489 4718 rum,
503 4639 564 4718 §5,
580 4637 751 4719 episcopis
765 4648 800 4702 et
813 4638 1073 4721 inquisitoribus
1098 4657 1183 4703 cura
1198 4638 1435 4718 committitur,
1451 4648 1489 4703 ut
1517 4639 1562 4703 ad
1586 4640 1754 4703 librorum

405 4773 614 4838 edendorum
635 4792 783 4838 examen
803 4782 976 4856 spectatae
984 4775 1128 4856 pietates
1148 4782 1181 4838 et
1199 4775 1375 4838 doctrinae
1388 4775 1487 4838 veios
1507 4775 1700 4854 adhibeant,
1714 4775 1754 4836 de

405 4924 549 4987 aarum
557 4909 645 4990 fide,
664 4914 699 4972 et
715 4910 913 4991 t‘ntegrt'tate
926 4911 998 4973 sibi
1001 4910 1166 4991 polliceri
1175 4916 1313 4992 queant,
1327 4910 1417 4973 nibil
1428 4928 1486 4973 eos
1497 4910 1637 4990 gratiae
1656 4910 1755 4972 datu·

459 5133 562 5179 ⁸³1³oe
582 5134 664 5179 tribus
683 5133 778 5189 regulis
799 5134 929 5189 abrogatis
949 5134 1097 5189 respondent
1118 5133 1143 5177 in
1162 5133 1246 5178 Const.
1269 5132 1414 5189 Officiorum
1438 5144 1468 5176 ac
1493 5144 1633 5175 micanum
1653 5132 1752 5175 decreta

409 5206 985 5262 twalht,2,9et10;suprapag.tet9.
