4309 6534
392 782 455 831 XIV
951 782 1156 830 PRAEFATIO

391 1016 551 1089 quorum
579 1017 697 1090 opera
723 992 847 1066 omnia
874 991 1176 1089 prohibebantur,
1207 1017 1253 1065 ea
1281 1016 1376 1066 nunc
1403 1016 1528 1089 opera,
1551 1017 1650 1088 quae
1668 992 1729 1067 vel

392 1162 440 1212 ex
457 1135 629 1235 professo
657 1138 705 1211 de
732 1136 911 1236 religione
939 1160 1013 1210 non
1042 1150 1213 1223 tractant,
1243 1133 1303 1210 vel
1331 1135 1402 1211 etsi
1422 1137 1470 1209 de
1488 1160 1533 1211 ea
1553 1150 1726 1224 tractant,

392 1280 479 1356 nihil
506 1295 633 1355 tamen
661 1296 791 1355 contra
817 1280 930 1355 fidem
958 1281 1158 1366 continent,
1189 1280 1371 1378 permissa
1407 1294 1505 1368 sunt,
1536 1280 1604 1353 nisi
1631 1279 1729 1355 sorte

391 1424 517 1521 aliquo
544 1425 696 1500 decreto
723 1423 889 1522 generali
913 1440 980 1499 aut
997 1423 1148 1520 speciali
1176 1422 1503 1521 deprehendantur
1529 1422 1727 1521 prohibita.

391 1569 520 1664 Atque
538 1567 632 1642 hanc
652 1566 920 1666 mitigationem
938 1567 987 1641 ad
1006 1592 1093 1641 eum
1111 1567 1222 1642 etiam
1238 1592 1366 1641 casum
1384 1567 1517 1640 merito
1531 1567 1724 1653 extendas,

392 1736 470 1809 quo
487 1710 680 1807 scriptoris
706 1711 859 1785 alicuius
877 1710 1067 1786 acatholici
1086 1722 1197 1809 opera
1214 1713 1337 1785 nmmo
1354 1735 1534 1807 expresse
1552 1711 1588 1784 in
1607 1709 1730 1785 Indice

392 1855 645 1952 prohibentur.
676 1855 858 1930 Nimirum
886 1856 978 1930 haec
1005 1854 1203 1952 prohibitio
1231 1854 1280 1927 ad
1307 1878 1376 1930 eos
1403 1855 1518 1930 libros
1546 1855 1582 1928 in
1605 1870 1731 1950 poste·

392 2025 473 2073 rum
502 2023 575 2073 non
603 1998 812 2096 pertinebit,
844 1998 917 2096 qui,
947 2014 1013 2073 aut
1041 1996 1142 2072 nullo
1170 1998 1292 2086 modo,
1324 2014 1389 2073 aut
1426 1998 1548 2075 obiter
1583 2010 1729 2071 tantum

391 2145 477 2221 fidei
504 2146 682 2220 veritates
709 2146 908 2243 attingunt,
931 2159 970 2220 et
989 2143 1090 2219 nullo
1118 2145 1271 2219 decreto
1290 2143 1456 2243 generali
1484 2157 1550 2218 aut
1577 2142 1730 2240 speciali

391 2290 540 2364 luerunt
558 2289 686 2365 notati.
708 2287 952 2385 Quapropter
971 2289 1125 2386 pristina
1144 2288 1205 2362 illa
1223 2289 1411 2363 distinctio
1429 2287 1524 2362 inter
1558 2316 1576 2359 ‹
1601 2285 1731 2383 Opera

392 2432 516 2506 omnia
534 2458 552 2503 r
579 2430 804 2527 simpliciter,
826 2446 865 2504 et
889 2458 908 2501 ‹
929 2430 1057 2527 Opera
1076 2432 1199 2505 omnia
1219 2431 1267 2503 de
1287 2429 1468 2528 religione
1487 2429 1723 2502 tractantiar

392 2592 569 2671 tanquam
599 2598 877 2670 supervacanea
904 2573 1096 2647 amandari
1115 2573 1247 2670 potuit.
1270 2572 1430 2666 Quoties
1451 2572 1548 2646 enim
1569 2571 1731 2645 auctoris

391 2718 543 2793 alicuius
571 2718 710 2814 scripta
733 2717 856 2790 omnia
875 2717 1129 2813 prohibentur,
1152 2742 1198 2791 ea
1221 2733 1365 2790 tantum
1387 2742 1504 2814 opera
1522 2714 1734 2813 intelligun-

392 2875 462 2947 tur,
493 2886 591 2958 quae
618 2875 684 2935 aut
711 2861 759 2934 de
787 2860 964 2960 religione
992 2875 1123 2959 agunt,
1154 2876 1221 2934 aut
1253 2861 1323 2933 etsi
1351 2860 1399 2934 de
1431 2885 1477 2934 ea
1501 2884 1575 2935 non
1602 2873 1730 2957 agunt,

392 3007 544 3079 decreto
572 3019 696 3079 tamen
724 3003 849 3101 aliquo
876 3005 1041 3102 generali
1068 3020 1134 3079 aut
1161 3003 1309 3101 speciali
1337 3005 1546 3102 proscripta
1574 3018 1672 3079 sunt.

472 3148 606 3223 Libros
634 3148 746 3222 etiam
773 3147 969 3245 quosdam,
1002 3173 1070 3222 nec
1097 3149 1149 3221 ita
1176 3173 1327 3244 paucos
1359 3172 1405 3220 ex
1433 3146 1555 3220 lndice
1588 3169 1731 3241 expun-

392 3318 482 3391 gere
510 3292 623 3380 libuit,
646 3295 721 3388 qui,
745 3293 914 3388 quamvis
942 3291 1067 3390 aliquo
1097 3292 1244 3367 delectu
1272 3291 1452 3379 laborent,
1474 3290 1534 3364 vel
1555 3286 1729 3364 nonnulla

392 3435 604 3532 corruptela
630 3435 752 3509 inlecti
790 3437 872 3523 sint,
912 3435 1094 3509 sermonis
1132 3413 1257 3509 tamen
1295 3434 1492 3533 elegantia,
1527 3432 1587 3506 vel
1623 3432 1733 3527 copia

391 3577 618 3665 eruditionis,
639 3577 699 3652 vel
727 3577 1035 3653 documentorum
1064 3576 1261 3652 utilissimo
1280 3592 1463 3675 apparatu
1484 3600 1574 3674 prae
1607 3574 1736 3648 multis

391 3721 555 3820 insignes
583 3737 814 3818 reputantur,
845 3723 896 3796 ita
924 3736 1123 3796 uteorum
1160 3747 1307 3797 errores
1343 3721 1403 3795 vel
1440 3720 1512 3794 alia
1539 3720 1627 3793 vitia
1657 3741 1731 3792 non

391 3866 567 3940 mediocri
594 3866 751 3939 utilitate
780 3868 1013 3962 compensari
1040 3865 1248 3940 videantur.

473 4007 611 4083 Delere
638 4023 836 4105 praeterea
855 4008 994 4104 placuit
1012 4031 1087 4082 non
1106 4033 1226 4104 pauca
1253 4032 1370 4104 opera
1398 4032 1496 4104 quae
1516 4005 1564 4100 de
1588 4005 1630 4079 B.
1651 4004 1734 4078 Vir·

389 4150 487 4248 ginis
515 4151 751 4225 immaculata
778 4152 1021 4248 conceptione
1048 4166 1149 4226 recte
1181 4151 1344 4246 quidem,
1375 4151 1443 4225 sed
1480 4150 1733 4247 intemperan-

391 4296 474 4380 tius,
505 4296 565 4370 vel
593 4322 677 4370 cum
705 4296 1004 4371 adversariorum
1033 4295 1210 4371 nonnulla
1236 4296 1378 4370 oflensa
1407 4310 1577 4370 tractant.

470 4440 563 4513 Item
591 4440 794 4537 complura,
817 4441 1009 4537 inquibus
1037 4441 1316 4516 controversiae
1343 4439 1572 4515 domesticae
1590 4452 1630 4511 et
1648 4437 1732 4512 lites

390 4583 557 4680 privatae
584 4585 680 4657 inter
707 4582 875 4656 diversas
904 4607 1087 4678 personas
1115 4600 1180 4657 aut
1214 4598 1346 4657 coetus
1376 4583 1559 4680 vigentes
1599 4581 1733 4657 acriori

389 4749 503 4821 quam
532 4726 640 4799 decet
667 4726 792 4812 mod0,
822 4726 986 4799 caritatis
1013 4725 1165 4823 quidem
1185 4726 1392 4823 dispendi0‚
1412 4725 1579 4800 veritatis
1600 4738 1732 4799 autem

388 4869 450 4941 vix
468 4867 543 4943 ullo
567 4869 794 4943 incremento
822 4870 1079 4967 agitabantur;
1100 4869 1233 4943 -item
1262 4869 1460 4965 quaedam,
1481 4892 1579 4963 quae
1608 4894 1731 4967 neque

390 5010 557 5087 delectus
585 5013 787 5100 doctrinae,
817 5037 940 5108 neque
968 5013 1120 5088 violatio
1148 5014 1324 5099 caritatis,
1354 5011 1422 5085 sed
1450 5012 1613 5087 auctoris
1646 5037 1734 5108 per-

388 5155 537 5244 vicacia,
553 5154 741 5230 silentium
758 5179 829 5252 pro
852 5154 1050 5252 sopiendis.
1061 5155 1215 5253 privatis
1235 5154 1567 5252 disceptationibus
1586 5156 1736 5253 publice
