<?xml version="1.0" encoding="UTF-8"?>
<!DOCTYPE html PUBLIC "-//W3C//DTD XHTML 1.0 Transitional//EN"
    "http://www.w3.org/TR/xhtml1/DTD/xhtml1-transitional.dtd">
<html xmlns="http://www.w3.org/1999/xhtml" xml:lang="en" lang="en">
 <head>
  <title>
</title>
<meta http-equiv="Content-Type" content="text/html;charset=utf-8" />
  <meta name='ocr-system' content='tesseract 3.04.00' />
  <meta name='ocr-capabilities' content='ocr_page ocr_carea ocr_par ocr_line ocrx_word'/>
</head>
<body>
  <div class='ocr_page' id='page_1' title='image "./indexlibrorumpr02unkngoog_0015.png"; bbox 0 0 4309 6534; ppageno 0'>
   <div class='ocr_carea' id='block_1_1' title="bbox 489 2209 1732 2457">
    <p class='ocr_par' dir='ltr' id='par_1_1' title="bbox 489 2209 1732 2457">
     <span class='ocr_line' id='line_1_1' title="bbox 489 2209 1732 2311; baseline 0.005 -30"><span class='ocrx_word' id='word_1_1' title='bbox 489 2230 515 2281; x_wconf 86' lang='lat' dir='ltr'>u</span> <span class='ocrx_word' id='word_1_2' title='bbox 542 2233 636 2295; x_wconf 81' lang='lat' dir='ltr'>mm,</span> <span class='ocrx_word' id='word_1_3' title='bbox 666 2209 822 2309; x_wconf 85' lang='lat' dir='ltr'>egregie</span> <span class='ocrx_word' id='word_1_4' title='bbox 855 2212 1009 2300; x_wconf 87' lang='lat' dir='ltr'>Lector,</span> <span class='ocrx_word' id='word_1_5' title='bbox 1041 2237 1179 2287; x_wconf 90' lang='lat' dir='ltr'>novum</span> <span class='ocrx_word' id='word_1_6' title='bbox 1208 2213 1368 2287; x_wconf 87' lang='lat' dir='ltr'>Iudicem</span> <span class='ocrx_word' id='word_1_7' title='bbox 1397 2213 1573 2289; x_wconf 88' lang='lat' dir='ltr'>librorum</span> <span class='ocrx_word' id='word_1_8' title='bbox 1606 2213 1732 2311; x_wconf 93' lang='lat' dir='ltr'>prohi-</span> 
     </span>
     <span class='ocr_line' id='line_1_2' title="bbox 515 2357 1731 2457; baseline 0.004 -26"><span class='ocrx_word' id='word_1_9' title='bbox 515 2357 675 2431; x_wconf 90' lang='lat' dir='ltr'>bitorum</span> <span class='ocrx_word' id='word_1_10' title='bbox 703 2382 751 2430; x_wconf 88' lang='lat' dir='ltr'>ex</span> <span class='ocrx_word' id='word_1_11' title='bbox 778 2374 981 2457; x_wconf 88' lang='lat' dir='ltr'>praecepto</span> <span class='ocrx_word' id='word_1_12' title='bbox 1009 2359 1076 2435; x_wconf 88' lang='lat' dir='ltr'><strong>SS.</strong></span> <span class='ocrx_word' id='word_1_13' title='bbox 1109 2359 1157 2436; x_wconf 89' lang='lat' dir='ltr'>D.</span> <span class='ocrx_word' id='word_1_14' title='bbox 1179 2361 1226 2434; x_wconf 93' lang='lat' dir='ltr'>N.</span> <span class='ocrx_word' id='word_1_15' title='bbox 1249 2360 1386 2436; x_wconf 87' lang='lat' dir='ltr'>Leonis</span> <span class='ocrx_word' id='word_1_16' title='bbox 1405 2361 1491 2436; x_wconf 92' lang='lat' dir='ltr'>Xlll</span> <span class='ocrx_word' id='word_1_17' title='bbox 1520 2361 1559 2437; x_wconf 93' lang='lat' dir='ltr'>P.</span> <span class='ocrx_word' id='word_1_18' title='bbox 1581 2363 1633 2437; x_wconf 83' lang='lat' dir='ltr'><strong>M.</strong></span> <span class='ocrx_word' id='word_1_19' title='bbox 1655 2361 1731 2436; x_wconf 87' lang='lat' dir='ltr'>dili-</span> 
     </span>
    </p>
   </div>
   <div class='ocr_carea' id='block_1_2' title="bbox 391 2506 1732 4470">
    <p class='ocr_par' dir='ltr' id='par_1_2' title="bbox 394 2506 1204 2607">
     <span class='ocr_line' id='line_1_3' title="bbox 394 2506 1204 2607; baseline 0.004 -26"><span class='ocrx_word' id='word_1_20' title='bbox 394 2506 612 2606; x_wconf 88' lang='lat' dir='ltr'>gentissime</span> <span class='ocrx_word' id='word_1_21' title='bbox 640 2508 871 2607; x_wconf 90' lang='lat' dir='ltr'>recognitum</span> <span class='ocrx_word' id='word_1_22' title='bbox 899 2524 938 2582; x_wconf 91' lang='lat' dir='ltr'>et</span> <span class='ocrx_word' id='word_1_23' title='bbox 965 2507 1204 2606; x_wconf 89' lang='lat' dir='ltr'>publicatum.</span> 
     </span>
    </p>

    <p class='ocr_par' dir='ltr' id='par_1_3' title="bbox 391 2653 1732 3874">
     <span class='ocr_line' id='line_1_4' title="bbox 474 2653 1732 2753; baseline 0.003 -28"><span class='ocrx_word' id='word_1_24' title='bbox 474 2653 686 2753; x_wconf 87' lang='lat' dir='ltr'>Vulgantur</span> <span class='ocrx_word' id='word_1_25' title='bbox 708 2670 834 2729; x_wconf 91' lang='lat' dir='ltr'>autem</span> <span class='ocrx_word' id='word_1_26' title='bbox 854 2681 927 2730; x_wconf 92' lang='lat' dir='ltr'>una</span> <span class='ocrx_word' id='word_1_27' title='bbox 946 2680 1030 2729; x_wconf 90' lang='lat' dir='ltr'>cum</span> <span class='ocrx_word' id='word_1_28' title='bbox 1049 2655 1193 2753; x_wconf 89' lang='lat' dir='ltr'>syllabo</span> <span class='ocrx_word' id='word_1_29' title='bbox 1211 2654 1388 2729; x_wconf 90' lang='lat' dir='ltr'>librorum</span> <span class='ocrx_word' id='word_1_30' title='bbox 1406 2653 1546 2728; x_wconf 90' lang='lat' dir='ltr'>vetitae</span> <span class='ocrx_word' id='word_1_31' title='bbox 1565 2653 1732 2730; x_wconf 87' lang='lat' dir='ltr'>lectionis</span> 
     </span>
     <span class='ocr_line' id='line_1_5' title="bbox 391 2797 1732 2895; baseline -0.002 -21"><span class='ocrx_word' id='word_1_32' title='bbox 391 2798 504 2874; x_wconf 91' lang='lat' dir='ltr'>etiam</span> <span class='ocrx_word' id='word_1_33' title='bbox 543 2798 841 2874; x_wconf 75' lang='lat' dir='ltr'>constitutiones</span> <span class='ocrx_word' id='word_1_34' title='bbox 878 2798 1121 2895; x_wconf 87' lang='lat' dir='ltr'>Apostolicae</span> <span class='ocrx_word' id='word_1_35' title='bbox 1160 2798 1285 2882; x_wconf 88' lang='lat' dir='ltr'>Sedis,</span> <span class='ocrx_word' id='word_1_36' title='bbox 1325 2797 1461 2895; x_wconf 91' lang='lat' dir='ltr'>quibus</span> <span class='ocrx_word' id='word_1_37' title='bbox 1497 2823 1654 2873; x_wconf 84' lang='lat' dir='ltr'>examen</span> <span class='ocrx_word' id='word_1_38' title='bbox 1692 2813 1732 2873; x_wconf 93' lang='lat' dir='ltr'>et</span> 
     </span>
     <span class='ocr_line' id='line_1_6' title="bbox 394 2938 1732 3040; baseline -0.001 -25"><span class='ocrx_word' id='word_1_39' title='bbox 394 2940 616 3039; x_wconf 85' lang='lat' dir='ltr'>proscriptio</span> <span class='ocrx_word' id='word_1_40' title='bbox 644 2964 842 3038; x_wconf 90' lang='lat' dir='ltr'>pravorum</span> <span class='ocrx_word' id='word_1_41' title='bbox 870 2940 1048 3015; x_wconf 89' lang='lat' dir='ltr'>librorum</span> <span class='ocrx_word' id='word_1_42' title='bbox 1074 2942 1112 3014; x_wconf 91' lang='lat' dir='ltr'>in</span> <span class='ocrx_word' id='word_1_43' title='bbox 1139 2940 1327 3038; x_wconf 84' lang='lat' dir='ltr'>praesenti</span> <span class='ocrx_word' id='word_1_44' title='bbox 1366 2940 1523 3040; x_wconf 89' lang='lat' dir='ltr'>regitur:</span> <span class='ocrx_word' id='word_1_45' title='bbox 1562 2938 1732 3014; x_wconf 87' lang='lat' dir='ltr'>videlicet</span> 
     </span>
     <span class='ocr_line' id='line_1_7' title="bbox 393 3082 1731 3159; baseline -0.001 -1"><span class='ocrx_word' id='word_1_46' title='bbox 393 3084 621 3158; x_wconf 89' lang='lat' dir='ltr'>Constitutio</span> <span class='ocrx_word' id='word_1_47' title='bbox 659 3083 914 3158; x_wconf 86' lang='lat' dir='ltr'>‹Officiorum</span> <span class='ocrx_word' id='word_1_48' title='bbox 951 3109 995 3158; x_wconf 93' lang='lat' dir='ltr'>ac</span> <span class='ocrx_word' id='word_1_49' title='bbox 1027 3107 1261 3157; x_wconf 82' lang='lat' dir='ltr'>munerum»</span> <span class='ocrx_word' id='word_1_50' title='bbox 1295 3107 1318 3157; x_wconf 93' lang='lat' dir='ltr'>a</span> <span class='ocrx_word' id='word_1_51' title='bbox 1347 3082 1414 3157; x_wconf 88' lang='lat' dir='ltr'><strong>SS.</strong></span> <span class='ocrx_word' id='word_1_52' title='bbox 1445 3083 1494 3157; x_wconf 92' lang='lat' dir='ltr'>D.</span> <span class='ocrx_word' id='word_1_53' title='bbox 1525 3082 1572 3159; x_wconf 93' lang='lat' dir='ltr'>N.</span> <span class='ocrx_word' id='word_1_54' title='bbox 1603 3083 1731 3157; x_wconf 88' lang='lat' dir='ltr'>Leone</span> 
     </span>
     <span class='ocr_line' id='line_1_8' title="bbox 395 3226 1732 3324; baseline 0.001 -25"><span class='ocrx_word' id='word_1_55' title='bbox 395 3226 432 3300; x_wconf 94' lang='lat' dir='ltr'><strong>P.</strong></span> <span class='ocrx_word' id='word_1_56' title='bbox 463 3227 515 3301; x_wconf 90' lang='lat' dir='ltr'><strong>M.</strong></span> <span class='ocrx_word' id='word_1_57' title='bbox 545 3226 605 3300; x_wconf 90' lang='lat' dir='ltr'>die</span> <span class='ocrx_word' id='word_1_58' title='bbox 628 3247 673 3319; x_wconf 84' lang='lat'>25</span> <span class='ocrx_word' id='word_1_59' title='bbox 695 3226 767 3302; x_wconf 88' lang='lat' dir='ltr'>ian.</span> <span class='ocrx_word' id='word_1_60' title='bbox 788 3226 873 3301; x_wconf 89' lang='lat' dir='ltr'>anni</span> <span class='ocrx_word' id='word_1_61' title='bbox 898 3230 995 3321; x_wconf 88' lang='lat'>1897</span> <span class='ocrx_word' id='word_1_62' title='bbox 1023 3227 1273 3324; x_wconf 90' lang='lat' dir='ltr'>promulgata,</span> <span class='ocrx_word' id='word_1_63' title='bbox 1294 3241 1333 3299; x_wconf 92' lang='lat' dir='ltr'>et</span> <span class='ocrx_word' id='word_1_64' title='bbox 1352 3226 1580 3300; x_wconf 87' lang='lat' dir='ltr'>Constitutio</span> <span class='ocrx_word' id='word_1_65' title='bbox 1616 3226 1732 3300; x_wconf 86' lang='lat' dir='ltr'>‹Sol-</span> 
     </span>
     <span class='ocr_line' id='line_1_9' title="bbox 394 3368 1727 3467; baseline -0.002 -23"><span class='ocrx_word' id='word_1_66' title='bbox 394 3369 490 3444; x_wconf 92' lang='lat' dir='ltr'>licita</span> <span class='ocrx_word' id='word_1_67' title='bbox 516 3395 560 3444; x_wconf 91' lang='lat' dir='ltr'>ac</span> <span class='ocrx_word' id='word_1_68' title='bbox 588 3368 798 3467; x_wconf 78' lang='lat' dir='ltr'>provida»,</span> <span class='ocrx_word' id='word_1_69' title='bbox 825 3394 901 3467; x_wconf 93' lang='lat' dir='ltr'>qua</span> <span class='ocrx_word' id='word_1_70' title='bbox 930 3368 1154 3443; x_wconf 88' lang='lat' dir='ltr'>Benedictus</span> <span class='ocrx_word' id='word_1_71' title='bbox 1182 3368 1273 3442; x_wconf 89' lang='lat' dir='ltr'>XIV</span> <span class='ocrx_word' id='word_1_72' title='bbox 1302 3369 1362 3443; x_wconf 90' lang='lat' dir='ltr'>die</span> <span class='ocrx_word' id='word_1_73' title='bbox 1390 3368 1493 3461; x_wconf 89' lang='lat' dir='ltr'>9iul.</span> <span class='ocrx_word' id='word_1_74' title='bbox 1519 3369 1605 3443; x_wconf 90' lang='lat' dir='ltr'>anni</span> <span class='ocrx_word' id='word_1_75' title='bbox 1630 3389 1727 3464; x_wconf 87' lang='lat'>1753</span> 
     </span>
     <span class='ocr_line' id='line_1_10' title="bbox 393 3510 1732 3611; baseline -0.003 -23"><span class='ocrx_word' id='word_1_76' title='bbox 393 3530 514 3588; x_wconf 88' lang='lat' dir='ltr'>certas</span> <span class='ocrx_word' id='word_1_77' title='bbox 542 3513 743 3609; x_wconf 89' lang='lat' dir='ltr'>firmasque</span> <span class='ocrx_word' id='word_1_78' title='bbox 772 3511 922 3611; x_wconf 86' lang='lat' dir='ltr'>regulas</span> <span class='ocrx_word' id='word_1_79' title='bbox 951 3528 1030 3586; x_wconf 92' lang='lat' dir='ltr'>tum</span> <span class='ocrx_word' id='word_1_80' title='bbox 1058 3536 1082 3585; x_wconf 91' lang='lat' dir='ltr'>a</span> <span class='ocrx_word' id='word_1_81' title='bbox 1109 3527 1328 3586; x_wconf 91' lang='lat' dir='ltr'>romanaet</span> <span class='ocrx_word' id='word_1_82' title='bbox 1356 3510 1551 3586; x_wconf 90' lang='lat' dir='ltr'>universali</span> <span class='ocrx_word' id='word_1_83' title='bbox 1578 3510 1732 3607; x_wconf 89' lang='lat' dir='ltr'>Inquisi-</span> 
     </span>
     <span class='ocr_line' id='line_1_11' title="bbox 393 3653 1730 3754; baseline -0.001 -24"><span class='ocrx_word' id='word_1_84' title='bbox 393 3657 504 3741; x_wconf 86' lang='lat' dir='ltr'>tione‚</span> <span class='ocrx_word' id='word_1_85' title='bbox 534 3672 614 3731; x_wconf 91' lang='lat' dir='ltr'>tum</span> <span class='ocrx_word' id='word_1_86' title='bbox 642 3682 665 3731; x_wconf 90' lang='lat' dir='ltr'>a</span> <span class='ocrx_word' id='word_1_87' title='bbox 693 3656 731 3731; x_wconf 92' lang='lat' dir='ltr'><strong>S.</strong></span> <span class='ocrx_word' id='word_1_88' title='bbox 762 3657 1070 3754; x_wconf 87' lang='lat' dir='ltr'>Congregatione</span> <span class='ocrx_word' id='word_1_89' title='bbox 1098 3653 1230 3730; x_wconf 91' lang='lat' dir='ltr'>Indicis</span> <span class='ocrx_word' id='word_1_90' title='bbox 1259 3654 1294 3727; x_wconf 94' lang='lat' dir='ltr'>in</span> <span class='ocrx_word' id='word_1_91' title='bbox 1324 3654 1493 3728; x_wconf 87' lang='lat' dir='ltr'>examine</span> <span class='ocrx_word' id='word_1_92' title='bbox 1521 3654 1730 3750; x_wconf 90' lang='lat' dir='ltr'>iudicioque</span> 
     </span>
     <span class='ocr_line' id='line_1_12' title="bbox 393 3799 972 3874; baseline 0.003 -2"><span class='ocrx_word' id='word_1_93' title='bbox 393 3799 569 3874; x_wconf 90' lang='lat' dir='ltr'>librorum</span> <span class='ocrx_word' id='word_1_94' title='bbox 598 3799 804 3873; x_wconf 88' lang='lat' dir='ltr'>servandas</span> <span class='ocrx_word' id='word_1_95' title='bbox 832 3799 972 3874; x_wconf 90' lang='lat' dir='ltr'><strong>statuit.</strong></span> 
     </span>
    </p>

    <p class='ocr_par' dir='ltr' id='par_1_4' title="bbox 392 3938 1731 4470">
     <span class='ocr_line' id='line_1_13' title="bbox 473 3938 1731 4035; baseline 0.002 -20"><span class='ocrx_word' id='word_1_96' title='bbox 473 3938 588 4035; x_wconf 84' lang='lat' dir='ltr'>Quod</span> <span class='ocrx_word' id='word_1_97' title='bbox 603 3942 651 4015; x_wconf 96' lang='lat' dir='ltr'>ad</span> <span class='ocrx_word' id='word_1_98' title='bbox 666 3942 760 4016; x_wconf 91' lang='lat' dir='ltr'>hanc</span> <span class='ocrx_word' id='word_1_99' title='bbox 780 3941 1092 4018; x_wconf 90' lang='lat' dir='ltr'>Constitutionem</span> <span class='ocrx_word' id='word_1_100' title='bbox 1114 3941 1304 4017; x_wconf 90' lang='lat' dir='ltr'>Benedicti</span> <span class='ocrx_word' id='word_1_101' title='bbox 1320 3942 1410 4016; x_wconf 92' lang='lat' dir='ltr'>XIV</span> <span class='ocrx_word' id='word_1_102' title='bbox 1424 3943 1566 4032; x_wconf 88' lang='lat' dir='ltr'>attinet,</span> <span class='ocrx_word' id='word_1_103' title='bbox 1584 3958 1731 4020; x_wconf 89' lang='lat' dir='ltr'>constat</span> 
     </span>
     <span class='ocr_line' id='line_1_14' title="bbox 392 4084 1731 4185; baseline 0.004 -28"><span class='ocrx_word' id='word_1_104' title='bbox 392 4108 475 4157; x_wconf 89' lang='lat' dir='ltr'>eam</span> <span class='ocrx_word' id='word_1_105' title='bbox 505 4109 579 4158; x_wconf 95' lang='lat' dir='ltr'>non</span> <span class='ocrx_word' id='word_1_106' title='bbox 607 4101 683 4159; x_wconf 93' lang='lat' dir='ltr'>tam</span> <span class='ocrx_word' id='word_1_107' title='bbox 711 4085 760 4159; x_wconf 92' lang='lat' dir='ltr'>ad</span> <span class='ocrx_word' id='word_1_108' title='bbox 787 4084 949 4160; x_wconf 89' lang='lat' dir='ltr'>fidelium</span> <span class='ocrx_word' id='word_1_109' title='bbox 982 4086 1262 4161; x_wconf 89' lang='lat' dir='ltr'>universitatem</span> <span class='ocrx_word' id='word_1_110' title='bbox 1300 4089 1506 4184; x_wconf 90' lang='lat' dir='ltr'>pertinere,</span> <span class='ocrx_word' id='word_1_111' title='bbox 1539 4113 1653 4185; x_wconf 93' lang='lat' dir='ltr'>quam</span> <span class='ocrx_word' id='word_1_112' title='bbox 1682 4089 1731 4163; x_wconf 93' lang='lat' dir='ltr'>ad</span> 
     </span>
     <span class='ocr_line' id='line_1_15' title="bbox 393 4228 1731 4325; baseline 0.001 -22"><span class='ocrx_word' id='word_1_113' title='bbox 393 4253 459 4303; x_wconf 91' lang='lat' dir='ltr'>eos</span> <span class='ocrx_word' id='word_1_114' title='bbox 487 4230 623 4325; x_wconf 91' lang='lat' dir='ltr'>quibus</span> <span class='ocrx_word' id='word_1_115' title='bbox 651 4252 747 4302; x_wconf 88' lang='lat' dir='ltr'>onus</span> <span class='ocrx_word' id='word_1_116' title='bbox 774 4230 1006 4303; x_wconf 85' lang='lat' dir='ltr'>examinandi</span> <span class='ocrx_word' id='word_1_117' title='bbox 1044 4228 1159 4305; x_wconf 88' lang='lat' dir='ltr'>libros</span> <span class='ocrx_word' id='word_1_118' title='bbox 1187 4230 1236 4304; x_wconf 91' lang='lat' dir='ltr'>ad</span> <span class='ocrx_word' id='word_1_119' title='bbox 1264 4230 1300 4306; x_wconf 91' lang='lat' dir='ltr'><strong>S.</strong></span> <span class='ocrx_word' id='word_1_120' title='bbox 1333 4231 1470 4306; x_wconf 77' lang='lat' dir='ltr'>Sedent</span> <span class='ocrx_word' id='word_1_121' title='bbox 1499 4232 1644 4306; x_wconf 89' lang='lat' dir='ltr'>delatos</span> <span class='ocrx_word' id='word_1_122' title='bbox 1672 4245 1731 4305; x_wconf 90' lang='lat' dir='ltr'>est</span> 
     </span>
     <span class='ocr_line' id='line_1_16' title="bbox 394 4374 620 4470; baseline 0.004 -24"><span class='ocrx_word' id='word_1_123' title='bbox 394 4374 620 4470; x_wconf 89' lang='lat' dir='ltr'>impositum.</span> 
     </span>
    </p>
   </div>
   <div class='ocr_carea' id='block_1_3' title="bbox 473 4514 1727 4617">
    <p class='ocr_par' dir='ltr' id='par_1_5' title="bbox 473 4514 1727 4617">
     <span class='ocr_line' id='line_1_17' title="bbox 473 4514 1727 4617; baseline 0.001 -26"><span class='ocrx_word' id='word_1_124' title='bbox 473 4514 559 4591; x_wconf 91' lang='lat' dir='ltr'>Alio</span> <span class='ocrx_word' id='word_1_125' title='bbox 579 4532 725 4613; x_wconf 88' lang='lat' dir='ltr'>spectat</span> <span class='ocrx_word' id='word_1_126' title='bbox 746 4516 973 4593; x_wconf 83' lang='lat' dir='ltr'>constitutio</span> <span class='ocrx_word' id='word_1_127' title='bbox 992 4517 1135 4592; x_wconf 87' lang='lat' dir='ltr'>Summi</span> <span class='ocrx_word' id='word_1_128' title='bbox 1155 4518 1339 4594; x_wconf 89' lang='lat' dir='ltr'>Pontificis</span> <span class='ocrx_word' id='word_1_129' title='bbox 1359 4518 1511 4594; x_wconf 82' lang='lat' dir='ltr'>feliciter</span> <span class='ocrx_word' id='word_1_130' title='bbox 1526 4517 1727 4617; x_wconf 88' lang='lat' dir='ltr'>regnantis,</span> 
     </span>
    </p>
   </div>
   <div class='ocr_carea' id='block_1_4' title="bbox 392 4661 1730 5334">
    <p class='ocr_par' dir='ltr' id='par_1_6' title="bbox 392 4661 1730 5049">
     <span class='ocr_line' id='line_1_18' title="bbox 392 4661 1730 4760; baseline 0.002 -26"><span class='ocrx_word' id='word_1_131' title='bbox 392 4687 466 4758; x_wconf 90' lang='lat' dir='ltr'>qua</span> <span class='ocrx_word' id='word_1_132' title='bbox 501 4690 520 4733; x_wconf 71' lang='grc' dir='ltr'><strong><em>ι</em></strong></span> <span class='ocrx_word' id='word_1_133' title='bbox 537 4662 728 4758; x_wconf 90' lang='lat' dir='ltr'>abrogatis</span> <span class='ocrx_word' id='word_1_134' title='bbox 748 4661 887 4759; x_wconf 87' lang='lat' dir='ltr'>regulis</span> <span class='ocrx_word' id='word_1_135' title='bbox 915 4675 1176 4737; x_wconf 86' lang='lat' dir='ltr'>sacrosanctae</span> <span class='ocrx_word' id='word_1_136' title='bbox 1196 4662 1327 4760; x_wconf 93' lang='lat' dir='ltr'>synodi</span> <span class='ocrx_word' id='word_1_137' title='bbox 1349 4662 1569 4737; x_wconf 89' lang='lat' dir='ltr'>tridentinae</span> <span class='ocrx_word' id='word_1_138' title='bbox 1586 4689 1605 4732; x_wconf 82' lang='lat'>›</span> <span class='ocrx_word' id='word_1_139' title='bbox 1632 4687 1730 4736; x_wconf 91' lang='lat' dir='ltr'>nova</span> 
     </span>
     <span class='ocr_line' id='line_1_19' title="bbox 392 4804 1729 4903; baseline 0.001 -26"><span class='ocrx_word' id='word_1_140' title='bbox 392 4804 577 4901; x_wconf 90' lang='lat' dir='ltr'>quaedam</span> <span class='ocrx_word' id='word_1_141' title='bbox 598 4804 762 4879; x_wconf 89' lang='lat' dir='ltr'>Decreta</span> <span class='ocrx_word' id='word_1_142' title='bbox 780 4804 969 4903; x_wconf 89' lang='lat' dir='ltr'>generalia</span> <span class='ocrx_word' id='word_1_143' title='bbox 988 4806 1158 4894; x_wconf 91' lang='lat' dir='ltr'>eduntur,</span> <span class='ocrx_word' id='word_1_144' title='bbox 1180 4806 1352 4903; x_wconf 80' lang='lat' dir='ltr'>&lt;quibus</span> <span class='ocrx_word' id='word_1_145' title='bbox 1372 4804 1541 4879; x_wconf 88' lang='lat' dir='ltr'>catholici</span> <span class='ocrx_word' id='word_1_146' title='bbox 1559 4804 1729 4879; x_wconf 88' lang='lat' dir='ltr'>homines</span> 
     </span>
     <span class='ocr_line' id='line_1_20' title="bbox 393 4948 1035 5049; baseline 0.006 -27"><span class='ocrx_word' id='word_1_147' title='bbox 393 4963 474 5023; x_wconf 91' lang='lat' dir='ltr'>toto</span> <span class='ocrx_word' id='word_1_148' title='bbox 501 4950 593 5023; x_wconf 89' lang='lat' dir='ltr'>orbe</span> <span class='ocrx_word' id='word_1_149' title='bbox 621 4948 795 5049; x_wconf 83' lang='lat' dir='ltr'>religiose</span> <span class='ocrx_word' id='word_1_150' title='bbox 824 4965 1035 5046; x_wconf 81' lang='lat' dir='ltr'>pareant».</span> 
     </span>
    </p>

    <p class='ocr_par' dir='ltr' id='par_1_7' title="bbox 394 5091 1728 5334">
     <span class='ocr_line' id='line_1_21' title="bbox 471 5091 1728 5191; baseline 0.003 -26"><span class='ocrx_word' id='word_1_151' title='bbox 471 5092 572 5166; x_wconf 92' lang='lat' dir='ltr'>lnter</span> <span class='ocrx_word' id='word_1_152' title='bbox 598 5091 691 5167; x_wconf 90' lang='lat' dir='ltr'>haec</span> <span class='ocrx_word' id='word_1_153' title='bbox 719 5093 883 5167; x_wconf 88' lang='lat' dir='ltr'>Decreta</span> <span class='ocrx_word' id='word_1_154' title='bbox 905 5094 1095 5191; x_wconf 88' lang='lat' dir='ltr'>generalia</span> <span class='ocrx_word' id='word_1_155' title='bbox 1114 5118 1227 5191; x_wconf 90' lang='lat' dir='ltr'>porro</span> <span class='ocrx_word' id='word_1_156' title='bbox 1255 5109 1295 5167; x_wconf 93' lang='lat' dir='ltr'>et</span> <span class='ocrx_word' id='word_1_157' title='bbox 1313 5095 1434 5191; x_wconf 92' lang='lat' dir='ltr'>ipsum</span> <span class='ocrx_word' id='word_1_158' title='bbox 1456 5093 1616 5168; x_wconf 92' lang='lat' dir='ltr'>Iudicem</span> <span class='ocrx_word' id='word_1_159' title='bbox 1636 5093 1728 5169; x_wconf 90' lang='lat' dir='ltr'>haec</span> 
     </span>
     <span class='ocr_line' id='line_1_22' title="bbox 394 5235 1728 5334; baseline 0 -25"><span class='ocrx_word' id='word_1_160' title='bbox 394 5251 454 5311; x_wconf 90' lang='lat' dir='ltr'>est</span> <span class='ocrx_word' id='word_1_161' title='bbox 481 5235 750 5312; x_wconf 89' lang='lat' dir='ltr'>convenientia:</span> <span class='ocrx_word' id='word_1_162' title='bbox 781 5236 954 5332; x_wconf 91' lang='lat' dir='ltr'>Utraque</span> <span class='ocrx_word' id='word_1_163' title='bbox 980 5261 1028 5310; x_wconf 89' lang='lat' dir='ltr'>eo</span> <span class='ocrx_word' id='word_1_164' title='bbox 1055 5237 1251 5334; x_wconf 87' lang='lat' dir='ltr'>pertinent,</span> <span class='ocrx_word' id='word_1_165' title='bbox 1273 5251 1314 5310; x_wconf 92' lang='lat' dir='ltr'>ut</span> <span class='ocrx_word' id='word_1_166' title='bbox 1341 5236 1512 5325; x_wconf 91' lang='lat' dir='ltr'>doceant,</span> <span class='ocrx_word' id='word_1_167' title='bbox 1543 5261 1566 5309; x_wconf 94' lang='lat' dir='ltr'>a</span> <span class='ocrx_word' id='word_1_168' title='bbox 1593 5236 1728 5332; x_wconf 90' lang='lat' dir='ltr'>quibus</span> 
     </span>
    </p>
   </div>
   <div class='ocr_carea' id='block_1_5' title="bbox 0 0 2160 6533">
    <p class='ocr_par' dir='ltr' id='par_1_8' title="bbox 0 0 2160 6533">
     <span class='ocr_line' id='line_1_23' title="bbox 0 0 2160 6533; baseline 0 0"><span class='ocrx_word' id='word_1_169' title='bbox 0 0 2160 6533; x_wconf 95' lang='lat' dir='ltr'> </span> 
     </span>
    </p>
   </div>
  </div>
 </body>
</html>
