4309 6534
397 829 449 885 302
982 816 1053 869 Van
1071 844 1085 857 ·
1104 814 1163 869 Vei

391 1030 491 1094 stola
513 1031 573 1112 (H.
597 1032 636 1097 V.
661 1032 695 1097 P.
728 1032 770 1094 ad
801 1028 888 1093 ΒΝ
918 1030 959 1093 de
990 1049 1044 1091 nu-

391 1137 476 1219 peris
499 1138 638 1218 Angliae
661 1139 828 1219 motibus).

436 1244 536 1327 [Van
550 1246 689 1327 Vrede,
713 1247 926 1328 Timotheus].
943 1266 973 1309 o.
998 1243 1045 1307 O·

391 1353 633 1433 verweginge
655 1353 850 1435 (zedelyke).

435 1458 521 1525 Van
533 1456 668 1542 Wijck,
681 1460 834 1526 Adriaan.
848 1462 919 1524 Deu
938 1460 1045 1522 catho

393 1564 510 1647 lycken
533 1566 738 1646 theologand,
752 1568 816 1630 olte
843 1588 901 1629 een
924 1564 1044 1630 theolo

392 1672 506 1752 gische
521 1674 793 1754 verhandelinghe
808 1674 991 1753 aengaende
1003 1672 1043 1735 de

391 1781 595 1862 goddelyclte
625 1782 739 1861 gratie.
773 1783 872 1847 Decr.
904 1800 945 1863 17
977 1783 1042 1845 ian.

393 1891 482 1964 1699.

436 2028 477 2039 -
503 1995 574 2057 Den
598 2009 765 2060 met-steen
787 2018 849 2059 vau
873 1996 928 2059 het
947 1994 1044 2058 boel(-

387 2101 442 2182 jeu
471 2117 633 2182 genaemt:
658 2104 907 2183 Rechtmaetigh
934 2102 1045 2166 ondet-

390 2207 511 2289 scheyd
546 2231 623 2286 ena,
660 2212 775 2275 anders
808 2224 957 2291 genaemt
990 2211 1044 2273 het

391 2317 507 2398 boekje
522 2331 587 2382 met
604 2320 643 2383 de
659 2320 728 2384 drie
740 2322 927 2384 colommen.
946 2320 1043 2382 Decr.

390 2442 431 2485 21
453 2445 522 2490 nov.
547 2432 636 2505 1699.

435 2565 479 2579 -
489 2533 560 2595 Den
572 2535 746 2614 oprechten
758 2534 940 2618 catholijck‚
955 2534 1045 2597 thoo

391 2639 494 2702 nende
517 2640 573 2704 dat
590 2642 680 2705 Godt
702 2664 761 2704 aen
784 2641 845 2704 alle
863 2640 1042 2714 menschen,

390 2745 531 2810 niemant
547 2761 805 2829 uytgenommen,
815 2769 873 2811 een
884 2746 1044 2827 genoegh·

391 2873 479 2915 same
501 2855 626 2933 genade
648 2857 749 2934 geelt,
775 2875 827 2917 ont
856 2868 887 2918 te
915 2855 1044 2916 kunnen

391 2960 496 3040 saligh
509 2962 645 3033 worden,
663 2962 859 3025 handelende
879 2961 962 3024 oocl(
987 2956 1044 3022 in't

391 3069 553 3152 bysonder
568 3090 645 3133 over
657 3069 697 3131 de
720 3069 953 3149 ongeloovigen
970 3069 1043 3147 hey·

391 3177 494 3239 denen
509 3177 590 3240 ende
606 3178 647 3240 de
662 3176 866 3257 ongedoopte
878 3176 1041 3240 kinderen.

391 3284 490 3349 Decr.
515 3284 552 3349 S.
582 3283 645 3367 Off.
669 3303 709 3348 ιο
732 3286 801 3348 iun.
825 3288 913 3361 1693.

302 3432 304 3435 ⁴
436 3428 477 3439 -
491 3391 576 3454 Kort
591 3413 630 3455 en
652 3404 798 3471 getrouw
812 3389 940 3452 verhael
955 3388 1042 3453 van’t

389 3520 471 3581 gene
502 3498 637 3578 onlangs
671 3498 698 3560 is
732 3497 957 3576 voorgevallen
980 3511 1043 3560 tus·

390 3608 488 3671 schen
511 3605 574 3667 den
597 3607 629 3670 h.
647 3605 837 3667 lambertus
855 3624 918 3665 van
934 3604 1041 3685 Rhijn,

390 3725 500 3795 pastor
524 3726 572 3775 tot
596 3712 763 3791 Pynacker
789 3730 828 3772 en
855 3731 909 3790 my
933 3710 1044 3773 onder·

389 3820 555 3885 schrieven
571 3818 714 3881 Adriaan
730 3838 791 3879 van
807 3817 926 3900 Wijck.
945 3818 1041 3883 Decr.

390 3928 425 3995 S.
455 3928 518 4009 Off.
543 3945 562 3987 1
586 3928 644 3990 iul.
669 3930 756 4004 1693.

435 4069 480 4083 -
491 4032 727 4115 Vriendelijcke
742 4033 897 4096 zentbriel
909 4053 968 4094 aen
982 4032 1044 4097 alle

390 4144 432 4206 de
455 4163 513 4205 eoo
533 4140 709 4221 genaemde
721 4140 926 4222 jansenisten.
944 4141 1041 4205 Decr.

389 4250 426 4316 S.
455 4250 518 4332 Off.
543 4267 562 4309 1
585 4250 644 4314 iul.
668 4253 755 4325 1693.

436 4392 477 4403 -
510 4356 563 4417 Ad
594 4355 860 4419 eminentissimos
895 4369 926 4419 et
958 4378 1044 4419 reve·

391 4462 598 4535 rendissimos
615 4483 640 4526 s.
658 4482 682 4527 r.
699 4483 727 4527 e.
745 4462 921 4525 cardinales
944 4477 977 4527 et
1000 4463 1044 4525 in·

389 4571 562 4654 quisitores
589 4588 756 4650 supremos
780 4570 982 4651 supplicatio,
1008 4583 1044 4635 ut

391 4697 455 4740 non
477 4689 613 4755 cogatur
640 4677 839 4740 subscribere
867 4677 986 4739 iudicio
1010 4697 1041 4757 p.

391 4782 600 4848 commissarii
630 4797 662 4846 et
690 4782 821 4846 alterius
849 4782 1044 4864 qualificato·

391 4891 480 4956 toris.
506 4889 604 4954 Decr.
629 4890 663 4954 S.
693 4888 756 4973 Off.
780 4908 819 4967 19
847 4893 930 4952 maii
954 4896 1042 4970 1699.

435 5032 479 5046 -
491 4995 704 5076 Eenvoudigh
720 4996 849 5059 verhael
864 4993 951 5060 van’t
962 5018 1043 5076 gene

390 5104 617 5186 voorgevalleu
652 5106 678 5167 is
712 5126 839 5185 wegens
869 5107 964 5168 selrer
991 5126 1043 5184 ge·

390 5213 516 5277 schrift:
552 5211 770 5295 Vriendelijke
799 5211 956 5276 zentbriel
984 5233 1043 5274 aen

1102 1025 1164 1088 alle
1193 1026 1234 1089 de
1263 1045 1322 1089 soo
1352 1026 1528 1105 genaemde
1550 1027 1756 1109 jansenisten.

1103 1135 1201 1198 Decr.
1226 1135 1261 1199 S.
1290 1134 1354 1217 Off.
1378 1154 1398 1216 7
1420 1140 1498 1216 sept.
1523 1141 1582 1214 169
1584 1153 1618 1214 5.

1150 1242 1250 1324 [Van
1266 1242 1410 1325 leck,
1434 1243 1602 1327 Adriaan].
1629 1264 1659 1309 v.
1689 1245 1758 1307 De·

1104 1352 1213 1416 kreet
1232 1345 1381 1436 (n'aeder)
1395 1374 1458 1417 van
1477 1354 1517 1416 de
1537 1374 1666 1418 roomse
1681 1354 1759 1415 vier-

1104 1461 1228 1526 schaer.

1149 1567 1293 1650 [Vareb
1303 1568 1621 1650 Alexander-Louis].
1633 1589 1662 1633 v.
1673 1566 1759 1630 Des·

1103 1674 1208 1737 leuse
1230 1676 1272 1738 de
1286 1676 1317 1739 la
1333 1677 1500 1757 discipline
1523 1676 1579 1759 qui
1595 1658 1759 1739 s’observe

1105 1781 1185 1844 dans
1209 1782 1239 1845 le
1263 1780 1389 1847 diocese
1414 1783 1454 1846 de
1477 1784 1568 1847 Sens.

1148 1889 1313 1975 VargaS,
1336 1891 1522 1971 Alphonsus
1545 1891 1586 1953 de
1611 1886 1759 1978 [pseudo-

1103 1995 1251 2085 nymusJ.
1282 1999 1410 2062 Relatio
1437 2000 1479 2062 ad
1502 2019 1595 2078 reges
1619 2013 1651 2064 et
1678 2000 1761 2080 prin·

1103 2105 1189 2185 cipes
1222 2105 1426 2182 christianos,
1452 2108 1493 2169 de
1520 2107 1759 2186 stratagematis

1104 2226 1137 2275 et
1174 2213 1380 2293 sophismatis
1418 2215 1557 2295 politicis
1596 2215 1759 2278 societatis

1104 2321 1175 2383 lesu
1198 2322 1240 2383 ad
1262 2323 1480 2385 monarchiam
1497 2322 1585 2386 orbis
1601 2335 1759 2386 terrarum

1104 2428 1163 2490 sibi
1203 2428 1443 2493 conficiendam.
1479 2428 1577 2494 Decr.
1613 2448 1655 2490 aa
1691 2432 1758 2495 iun.

1103 2540 1199 2614 1665.
1224 2557 1253 2601 v.
1278 2537 1496 2618 Scioppius,
1522 2537 1659 2618 Gaspar.

1149 2642 1323 2726 [Varlet,
1363 2645 1704 2727 Dominique-Marie1.
1730 2666 1758 2709 v.

1104 2751 1304 2832 Ouvrages
1328 2755 1516 2834 posthumes
1537 2755 1577 2818 de
1594 2775 1636 2818 m.
1653 2751 1760 2817 l’eves-

1103 2879 1166 2940 que
1189 2859 1230 2921 de
1250 2860 1424 2941 Babylone.

1148 2965 1335 3033 vaticano
1352 2967 1405 3048 (il)
1424 2967 1596 3045 languente
1619 2969 1708 3048 dopo
1730 2968 1760 3029 la

1103 3090 1206 3137 morte
1230 3075 1263 3137 di
1280 3073 1443 3138 Clemente
1462 3075 1495 3137 X
1518 3094 1579 3137 con
1603 3075 1612 3136 i
1637 3075 1761 3138 rimedii

1102 3182 1263 3262 preparati
1291 3182 1333 3243 da
1362 3181 1523 3263 Pasquino
1555 3201 1573 3243 e
1607 3182 1760 3245 Mariorio

1102 3308 1159 3368 per
1181 3288 1334 3367 guarirlo.
1361 3288 1459 3353 Decr.
1483 3292 1523 3350 18
1546 3294 1645 3353 mart.
1670 3295 1758 3370 1677.

1103 3414 1132 3459 v.
1157 3394 1258 3472 Leti,
1283 3393 1454 3473 Gregorio.

1146 3497 1412 3579 VecchiettuS,
1444 3498 1676 3580 Hieronymus.
1713 3499 1762 3561 Dc

1103 3623 1186 3665 anno
1223 3603 1385 3683 primitivo
1419 3605 1460 3667 ab
1488 3601 1624 3666 exordio
1652 3605 1762 3667 mundi

1104 3710 1146 3773 ad
1180 3731 1297 3772 annum
1329 3710 1481 3772 lulianum
1517 3713 1762 3776 accommodato

1103 3832 1134 3881 et
1159 3818 1199 3881 de
1231 3839 1395 3881 sacrorum
1426 3832 1609 3897 temporum
1639 3822 1762 3884 ratione

1102 3927 1175 3989 libri
1199 3941 1283 3992 octo.
1308 3927 1405 3991 Decr.
1429 3946 1469 4005 29
1495 3934 1554 3993 oct.
1579 3936 1671 3994 162².

1148 4033 1394 4112 VechneruS,
1433 4033 1610 4099 Abraham.
1653 4037 1761 4100 Suada

1102 4140 1268 4219 gallicana,
1287 4140 1318 4205 lt.
1332 4160 1359 4205 e.
1374 4140 1542 4204 conciones
1554 4154 1587 4205 et
1599 4143 1761 4205 orationes

1103 4248 1295 4311 Thuanaeae
1307 4270 1368 4311 una
1380 4270 1453 4313 cum
1466 4250 1665 4328 argumentis
1674 4270 1760 4331 prae

1105 4357 1175 4418 fixis
1204 4378 1241 4420 ac
1269 4356 1423 4420 mantissa
1453 4357 1760 4436 elegantissimarum

1104 4484 1143 4525 ex
1174 4463 1317 4527 ciusdem
1349 4464 1434 4528 lac.
1463 4463 1572 4542 Aug.
1600 4464 1760 4527 Thuani

1104 4569 1310 4632 historiarum
1337 4569 1576 4632 continuatione
1598 4586 1760 4652 excerpta·

1104 4697 1175 4739 rum
1201 4676 1392 4739 orationum.
1411 4677 1508 4741 Dm.
1529 4696 1548 4754 9
1563 4675 1654 4757 febr.
1672 4684 1759 4757 1683.

1148 4784 1343 4865 venetius,
1359 4784 1522 4849 Nicolaus.
1540 4784 1591 4849 De
1606 4786 1759 4849 cathedra

1104 4891 1188 4954 Petri
1211 4911 1267 4953 seu
1292 4891 1332 4953 de
1355 4890 1541 4971 episcopatu
1568 4892 1759 4956 antiocheno

1103 5012 1135 5061 et
1166 5018 1299 5061 romano
1329 5018 1355 5062 s.
1385 4997 1522 5078 apostoli
1553 4999 1656 5076 Petri,
1689 5000 1760 5064 libri

1105 5104 1180 5169 duo.
1206 5105 1303 5168 Decr.
1327 5123 1368 5166 22
1390 5110 1468 5187 sept.
1493 5110 1583 5182 1691.

1150 5212 1337 5294 VelelittS,
1368 5212 1464 5279 Elias.
1488 5212 1686 5280 Exercitatio
1717 5214 1760 5276 hi·
