4309 6534
495 789 546 843 188
1090 792 1147 847 net
1167 821 1181 835 -
1199 792 1257 848 net

478 994 609 1076 general
625 998 669 1059 du
686 1017 744 1077 roy
760 995 779 1060 ὲ
796 996 940 1062 Malines.
957 1020 987 1064 v.
1005 998 1135 1082 Copie
1194 998 1341 1079 seigneur
1361 997 1586 1080 d'Angleterre
1606 1021 1661 1063 sur
1676 1002 1706 1063 la
1724 1002 1858 1063 deman·

479 1100 575 1166 d'une
597 1104 691 1167 lettre
715 1105 841 1169 escrite.
1193 1108 1242 1176 de,
1267 1105 1317 1169 s'il
1339 1120 1388 1170 est
1411 1110 1475 1170 bon
1499 1105 1699 1189 d’employer
1726 1108 1773 1171 les
1798 1129 1856 1189 pp.

523 1213 685 1291 iLettre
708 1213 749 1274 de
774 1210 896 1275 Μ’ΙΟΙΘΙΩΙί
919 1214 1073 1277 chanoine
1093 1217 1134 1278 de
1187 1213 1320 1295 jesuites
1344 1216 1424 1278 dans
1448 1235 1508 1277 une
1529 1215 1683 1280 missioni
1707 1213 1808 1296 qu’on
1833 1239 1856 1279 a

477 1319 512 1383 B.
528 1318 548 1383 e
566 1340 625 1384 mr.
641 1320 677 1383 T.
697 1320 738 1385 D.
757 1321 808 1394 A„
834 1341 912 1383 avec
934 1341 978 1383 un
1000 1335 1133 1386 attentat
1191 1319 1304 1384 trouve
1320 1320 1339 1384 b
1356 1342 1475 1402 propos
1502 1323 1543 1384 de
1559 1324 1679 1385 donner
1703 1324 1864 1386 derechef

478 1427 519 1488 de
541 1441 695 1507 quarante
728 1428 879 1489 docteurs
903 1429 943 1490 de
966 1429 1133 1493 Sorbonne
1190 1450 1231 1491 au
1255 1430 1361 1508 public
1384 1450 1423 1491 en
1447 1443 1514 1492 tant
1538 1427 1653 1510 qu’elle
1668 1431 1788 1493 lournit
1811 1433 1858 1494 de

477 1549 586 1598 contre
615 1533 636 1596 l'
645 1534 744 1613 eglise
775 1532 918 1598 denonce
947 1534 966 1598 ὲ
990 1547 1063 1599 tous
1086 1537 1131 1601 les
1190 1535 1220 1598 la
1243 1532 1374 1598 lumiere
1398 1538 1478 1599 dans
1500 1534 1631 1599 l'affaire
1654 1538 1694 1599 de
1711 1539 1854 1601 monsei-

475 1641 691 1723 archeveques
707 1653 738 1704 et
754 1640 891 1723 eveques
908 1644 951 1705 du
968 1664 1129 1724 royaume.
1190 1663 1291 1722 gneur
1322 1644 1362 1705 de
1385 1643 1535 1719 Sebaste,
1562 1662 1580 1719 3
1606 1644 1718 1707 sevrier
1749 1650 1857 1711 1686.

476 1751 538 1813 Cas
562 1750 603 1811 de
625 1748 817 1813 conscience.
834 1750 940 1812 Brevi
955 1749 1052 1817 Clem.
1067 1753 1128 1818 XI.
1189 1750 1294 1813 Brevi
1309 1748 1406 1816 Clem.
1421 1751 1482 1815 XI.
1498 1757 1585 1829 40ct.
1603 1770 1691 1833 1707.
1706 1774 1734 1817 v.
1749 1752 1858 1815 Ger·

475 1875 516 1918 12
531 1857 621 1938 sehr.
647 1875 734 1936 1703.
1190 1860 1334 1934 beron,
1360 1859 1498 1925 Gabriel.

519 1965 646 2031 Lettre
662 1961 739 2026 d'un
751 1965 884 2027 docteur
907 1965 948 2028 de
963 1966 1131 2029 Sorbonne
1233 1968 1252 2044 †
1267 1966 1395 2033 Lettre
1411 1968 1451 2028 de
1464 1968 1687 2046 monseigneur
1702 1963 1858 2047 l'eveque

475 2069 560 2134 bun
578 2067 758 2133 benedictin
781 2070 875 2134 dela
899 2071 1130 2152 congregation
1189 2072 1229 2134 de
1252 2094 1276 2138 s.
1303 2074 1385 2135 Pons
1416 2072 1436 2136 e
1462 2074 1686 2153 monseigneur
1716 2072 1856 2137 l'arche-

474 2179 516 2241 de
537 2178 749 2252 Saint·Maur‚
775 2178 929 2241 touchant
960 2179 989 2241 le
1020 2178 1130 2259 pecule
1188 2178 1291 2261 veque
1314 2181 1355 2243 de
1374 2181 1533 2256 Cambrai,
1552 2178 1592 2243 orl
1618 2181 1640 2243 il
1657 2181 1781 2262 justifie
1803 2181 1857 2244 les

472 2287 530 2349 des
546 2286 699 2365 religieux
721 2285 793 2349 faits
808 2284 945 2366 eveques
964 2307 1006 2349 ou
1027 2287 1150 2375 cures.¹
1188 2304 1251 2350 x1x
1275 2285 1422 2368 eveques‚
1444 2289 1499 2369 qui
1519 2286 1686 2351 ecrivirent
1705 2309 1745 2350 eu
1763 2294 1854 2365 1667

473 2395 570 2459 Decr.
588 2395 622 2459 S.
644 2394 706 2475 Off.
723 2413 763 2471 ²9
780 2397 844 2458 ian
863 2413 951 2476 1704.
976 2417 1005 2460 v.
1030 2396 1130 2458 Ger·
1185 2417 1225 2457 au
1250 2415 1331 2476 pape
1353 2408 1385 2457 et
1408 2416 1450 2457 au
1474 2416 1532 2475 roy
1555 2417 1595 2458 au
1623 2397 1705 2477 sujet
1728 2397 1787 2458 des
1812 2414 1856 2459 xv

474 2503 580 2578 bais,
605 2504 691 2582 Jean.
1190 2500 1331 2565 celebres
1353 2500 1492 2582 eveques
1516 2501 1634 2576 d'Alet,
1652 2503 1693 2565 de
1708 2503 1853 2579 Pamiez‚

518 2610 645 2676 Lettre
662 2607 739 2671 d'un
754 2607 911 2690 evequea
932 2632 974 2673 un
997 2609 1126 2693 eveque,
1188 2610 1228 2671 de
1263 2609 1417 2673 Beauvais
1451 2622 1482 2672 et
1521 2607 1701 2689 d'Angers.
1741 2611 1859 2672 Brevi

472 2739 515 2781 ou
542 2717 754 2781 consultation
784 2739 838 2779 sur
861 2718 890 2780 le
919 2719 1043 2782 sameux
1074 2742 1127 2783 cas
1193 2715 1288 2779 Clem.
1320 2716 1382 2779 XI.
1412 2721 1453 2776 18
1481 2717 1546 2779 ian.
1580 2732 1668 2795 1710.
1694 2736 1723 2779 v.
1749 2716 1855 2777 Per-

473 2826 514 2887 de
536 2824 720 2886 conscience
750 2822 855 2887 resolu
886 2845 943 2903 par
974 2841 1128 2906 quarante
1187 2822 1269 2897 sin,
1295 2822 1657 2904 Pierre-Jean-Francois
1681 2824 1730 2886 de.

473 2934 622 2995 docteurs
646 2930 739 2994 dela
762 2931 876 2994 saculte
899 2934 939 2994 de
963 2931 1126 3014 theologie
1230 2932 1249 3008 i
1275 2931 1402 2996 Lettre
1428 2928 1604 3008 (nouvelle)
1628 2929 1668 2990 de
1690 2949 1768 2993 msr.
1792 2927 1852 2992 l’e·

473 3040 514 3101 de
538 3039 625 3101 Paris
650 3055 794 3102 nnccrv.
820 3039 917 3103 Decr.
943 3040 976 3104 S.
999 3040 1061 3122 Off.
1086 3060 1126 3121 ²7
1185 3057 1303 3116 vesque
1320 3037 1360 3098 de
1376 3035 1458 3097 saint
1476 3035 1568 3107 Pons,
1587 3034 1641 3113 qui
1665 3032 1765 3096 refute
1785 3035 1851 3097 cel-

464 3146 665 3227 sebr.1704.
689 3168 718 3211 o.
735 3146 937 3225 Quesnel,
964 3147 1125 3228 Pasquier.
1187 3143 1233 3205 les
1258 3143 1299 3204 de
1322 3162 1398 3206 msr.
1422 3139 1660 3220 l’archevesque
1687 3142 1728 3202 de
1752 3139 1850 3204 Cam·

514 3255 640 3324 Lettre
664 3252 740 3318 d'un
757 3257 890 3318 docteur
913 3275 967 3316 sur
987 3253 1125 3318 l'ordon·
1185 3251 1264 3328 bray
1277 3249 1430 3310 touchant
1453 3244 1675 3309 l'insaillibilite
1689 3248 1732 3307 du
1749 3266 1847 3327 pape.

471 3383 569 3425 nance
597 3364 637 3424 de
668 3362 892 3441 monseigneur
924 3362 953 3423 le
984 3362 1125 3425 cardinal
1185 3371 1330 3418 MDCCVI·
1355 3355 1460 3414 Brevi
1491 3352 1587 3417 Clcm.
1619 3353 1681 3415 XI·
1710 3357 1751 3414 18
1776 3356 1847 3420 tim.

470 3470 510 3531 de
526 3469 666 3532 Noailles
685 3470 838 3534 touchant
861 3469 906 3531 les
929 3469 1125 3533 institutious
1184 3481 1271 3542 1710.
1288 3484 1318 3526 v.
1343 3460 1505 3534 Persin,
1531 3460 1848 3539 Pierre-lean-Fran-

469 3576 692 3658 theologiques
716 3580 759 3640 du
775 3599 806 3657 p.
819 3576 932 3657 Juenin
955 3596 1010 3638 sur
1025 3577 1055 3639 la
1072 3576 1125 3639 de·
1183 3569 1249 3651 pois
1273 3570 1322 3632 de.

468 3684 622 3748 claration
653 3687 693 3746 de
724 3698 773 3746 cet
808 3696 937 3758 auteur,
969 3683 1049 3745 mise
1084 3704 1124 3746 en
1226 3675 1354 3741 Leltre
1378 3672 1539 3752 pastorale
1571 3694 1614 3735 ou
1637 3673 1846 3737 mandement

468 3790 569 3854 forme
591 3792 631 3853 de
646 3791 738 3854 lettre
760 3813 801 3853 au
824 3792 881 3853 bas
905 3791 945 3851 de
968 3790 997 3852 la
1021 3788 1124 3853 meme
1183 3782 1223 3843 de
1238 3780 1463 3859 monseigneur
1479 3777 1624 3859 l'eveque
1637 3779 1677 3840 de
1689 3778 1846 3859 Bayonne

468 3900 687 3973 ordonnance;
712 3919 767 3961 sur
796 3898 826 3961 la
850 3917 973 3959 somme
1000 3899 1040 3959 de
1068 3899 1123 3959 Be.
1182 3909 1222 3949 au
1245 3888 1328 3969 sujet
1350 3886 1435 3948 dela
1452 3885 1660 3948 constitution
1684 3885 1724 3946 de
1748 3883 1844 3949 ndtre

467 4026 536 4084 can,
560 4008 637 4069 celle
668 4005 807 4087 d'Abely
837 4017 868 4067 et
892 4004 970 4068 celle
993 4006 1034 4066 de
1057 4007 1123 4067 Du·
1182 3994 1264 4057 saint
1287 3991 1413 4073 percle
1436 4012 1518 4071 pape
1545 3993 1589 4053 du
1615 3998 1633 4055 8
1657 3994 1843 4071 septembre

466 4130 548 4179 metz
572 4116 674 4178 suivie
705 4117 745 4177 de
771 4114 801 4176 la
825 4113 1049 4175 denunciation
1082 4114 1123 4174 de
1185 4119 1279 4178 1713.
1303 4102 1400 4165 Dm·
1432 4099 1467 4164 S·
1499 4100 1561 4180 Off·
1584 4118 1604 4159 ²
1634 4102 1718 4159 maii
1744 4117 1839 4179 1714.

466 4244 519 4286 ces
542 4243 709 4302 ouvrages.
735 4222 832 4285 Decr.
850 4220 883 4284 S.
907 4220 968 4300 Off.
987 4238 1025 4280 10
1041 4222 1125 4281 maii
1181 4230 1209 4275 v.
1239 4207 1473 4282 Dreuillet,
1499 4205 1619 4271 Andre.

465 4350 555 4411 1707.
1224 4318 1352 4383 Lettre
1382 4314 1542 4394 pastorale
1572 4327 1604 4376 et
1633 4315 1840 4378 mandement

511 4436 681 4515 Metire
711 4430 788 4495 d’un
819 4434 947 4495 homme
975 4434 1015 4494 de
1046 4453 1121 4513 qua·
1181 4426 1221 4486 de
1245 4424 1468 4501 monseigneur
1491 4420 1635 4502 l'eveque
1659 4422 1699 4483 de
1722 4422 1840 4485 Boulo·

465 4539 534 4619 lite,
559 4561 641 4621 pour
671 4541 772 4602 servir
803 4540 844 4601 de
875 4537 1009 4618 reponse
1035 4537 1055 4600 b
1079 4560 1121 4600 nn
1179 4553 1242 4611 gne
1266 4553 1306 4593 au
1331 4533 1414 4613 sujet
1445 4531 1485 4591 de
1507 4530 1536 4592 la
1561 4528 1769 4591 constitution
1796 4532 1839 4593 de

465 4662 555 4713 autre
570 4649 624 4729 luy
640 4644 811 4710 addressee
827 4666 884 4726 par
896 4646 1120 4723 monseigneur
1180 4638 1272 4702 nette
1296 4640 1378 4701 saint
1403 4636 1477 4718 pere
1500 4638 1528 4699 le
1552 4657 1633 4717 pape
1656 4637 1700 4697 du
1726 4643 1744 4700 8
1769 4657 1841 4717 sep

463 4754 669 4819 l'internonce
684 4754 885 4835 apostolique
900 4773 977 4815 avec
988 4753 1018 4814 la
1035 4752 1120 4814 bulle
1179 4750 1300 4809 tembre
1328 4762 1420 4823 1713.
1447 4746 1543 4810 Decr.
1567 4744 1602 4807 S.
1625 4743 1687 4823 Off.
1711 4762 1731 4803 2
1754 4749 1843 4808 maii

464 4863 519 4945 qui
543 4886 561 4926 a
584 4883 666 4943 pour
689 4864 775 4925 titre:
801 4860 893 4922 datee
916 4858 935 4921 h
959 4861 1063 4921 Rome
1090 4859 1119 4921 le
1179 4873 1267 4934 1714.
1294 4876 1322 4917 v.
1348 4854 1522 4932 Langle‚
1548 4852 1653 4915 Pierre
1676 4851 1725 4914 de.

465 4986 483 5047 7
509 4968 623 5033 d’avril
651 4985 742 5046 1703.
767 4969 872 5031 Brevi
897 4967 992 5030 Clem.
1014 4965 1073 5029 XI.
1098 4986 1119 5044 4
1221 4961 1347 5026 Lettre
1378 4958 1538 5040 pastorale
1568 4970 1599 5019 et
1630 4956 1836 5020 mandement

461 5083 518 5142 oct.
542 5094 631 5156 1707.
1177 5071 1217 5131 de
1240 5068 1464 5146 monseigneur
1494 5065 1638 5147 l'eveque
1661 5077 1766 5127 comte
1793 5067 1838 5128 de

506 5184 676 5265 †Lettre
707 5184 748 5245 de
774 5181 935 5244 monsieur
962 5181 1001 5244 N.
1030 5177 1049 5241 d
1075 5200 1118 5241 un
1176 5177 1344 5252 Chaalons,
1369 5175 1438 5254 pair
1472 5176 1511 5237 de
1535 5175 1656 5236 France
1686 5192 1727 5234 au
1751 5172 1837 5255 sujet
