4309 6534
397 770 447 821 166
987 764 1043 816 Ins
1061 793 1078 801 -
1096 763 1150 816 Ins

393 975 425 1038 di
458 975 596 1038 Venezia
626 972 775 1038 dall’ab0.
805 974 844 1037 A.
877 974 911 1037 B.
943 973 1046 1052 giure-

392 1082 539 1146 consulto
554 1093 677 1146 veneto.
692 1082 788 1145 Decr.
801 1100 842 1159 24
855 1102 933 1161 aug.
955 1099 1044 1161 1772.

389 1211 419 1256 v.
443 1188 685 1263 Bianchini,
709 1188 852 1253 Andrea.

432 1296 713 1364 Instrucciones
740 1294 905 1376 generales
927 1317 967 1359 en
986 1296 1046 1358 lor·

389 1426 441 1467 ma
472 1405 513 1467 de
551 1404 747 1467 catechismo
785 1403 970 1467 traducidas
1007 1424 1046 1465 en

389 1512 541 1575 castellan
565 1533 624 1592 por
647 1510 775 1574 Manuel
799 1512 839 1573 de
860 1510 1001 1589 Villegas
1024 1532 1046 1589 y

389 1618 532 1682 Pinateli.
556 1619 653 1683 Decr.
680 1638 716 1696 3⁰
731 1625 803 1699 apr.
819 1623 908 1698 1726.
932 1638 961 1681 v.
987 1619 1047 1679 ln·

389 1726 629 1789 structione
653 1723 826 1804 generales.

436 1832 641 1899 Instructio
673 1833 714 1894 ad
751 1847 895 1913 tyronem
926 1832 1047 1895 theoto

390 1961 468 2021 gum
485 1942 525 2003 de
541 1940 693 2003 methodo
709 1939 890 2019 theologica
911 1955 985 2002 octo
1001 1960 1046 2001 re·

391 2048 476 2129 gulis
492 2047 670 2128 perstricta.
688 2048 785 2110 Decr.
802 2065 842 2126 14
848 2046 937 2127 febr.
955 2053 1043 2127 1674.

391 2176 421 2220 v.
449 2157 534 2217 Van
562 2156 752 2229 Buscum,
781 2155 902 2219 Petrus.

436 2262 641 2329 Instrucuo
672 2263 713 2324 ad
746 2276 891 2342 tyronem
926 2262 1046 2325 theolo

391 2391 468 2449 gum
499 2370 539 2432 de
568 2370 722 2431 methodo
756 2369 936 2448 theologica
970 2381 1045 2431 octo

392 2478 513 2556 regulis
537 2477 703 2556 perstricta
732 2479 773 2539 ab
801 2476 927 2538 insulsis
956 2475 1046 2538 iesui-

391 2598 443 2647 tae
467 2583 574 2646 Estrix
598 2582 719 2646 cavillis
746 2583 916 2647 vindicata.
946 2583 1043 2647 Decr.

392 2710 433 2770 14
457 2691 542 2768 febr.
567 2697 656 2771 1674.
692 2711 722 2755 v.
745 2690 831 2753 Van
855 2692 1043 2766 Buscum,

394 2799 517 2862 Petrus.

436 2906 456 2984 †
472 2904 705 2971 Instruction
719 2906 880 2984 pastorale
901 2905 941 2967 de
955 2902 1048 2967 leve-

391 3032 454 3092 que
489 3011 529 3073 de
565 3011 766 3092 Montpellier
800 3010 972 3074 addressee
1006 3032 1046 3073 au

391 3116 497 3197 clergd
520 3131 552 3181 et
574 3116 762 3180 auxfiddles
782 3120 896 3182 deson
922 3117 1049 3182 diocese

390 3248 435 3289 au.
454 3228 539 3309 sujet
562 3226 619 3288 des
642 3226 788 3289 miracles
809 3248 871 3308 que
887 3227 970 3289 Dieu
993 3227 1049 3289 fait

317 3335 320 3343 '
390 3355 429 3396 en
452 3334 561 3395 saveur
585 3334 643 3397 des
665 3334 830 3415 appellans
847 3336 888 3397 de
909 3335 940 3396 la
964 3336 1049 3398 bulle

393 3441 597 3521 Unigenitus.
622 3443 727 3504 Brevi
749 3442 845 3507 Clem.
862 3443 942 3506 XII.
962 3448 1047 3520 30ct.

392 3568 480 3630 1733.
519 3571 548 3614 v.
577 3549 751 3615 Colbert
789 3550 834 3612 de
871 3549 1047 3629 Croissy,

393 3655 692 3738 Charles·Joachim.

436 3763 690 3831 mstmctions
713 3785 768 3826 sur
798 3766 844 3827 les
867 3763 984 3827 udritds
1009 3764 1049 3827 de

391 3868 422 3931 la
444 3867 542 3947 grdce
563 3883 596 3934 et
620 3870 661 3932 de
683 3872 713 3932 la
731 3869 992 3951 predestination,
1009 3892 1048 3932 en

1105 972 1146 1034 de
1169 970 1370 1047 catechisme,
1395 969 1437 1034 od
1460 970 1525 1035 l’on
1548 972 1699 1052 explique
1721 992 1765 1033 en

1104 1077 1222 1158 abrdgd
1244 1100 1303 1159 par
1329 1076 1489 1143 l’ecriture
1519 1078 1623 1141 sainte
1646 1090 1679 1142 et
1702 1099 1765 1159 par

1054 1244 1056 1248 .
1105 1189 1135 1250 la
1159 1188 1313 1251 tradition
1329 1186 1485 1251 l'histoire
1499 1200 1532 1251 et
1555 1189 1599 1250 les
1625 1188 1764 1267 dogmes

1105 1297 1146 1358 de
1168 1296 1199 1358 la
1222 1296 1365 1375 religion,
1383 1296 1413 1358 la
1430 1296 1550 1359 morale
1568 1293 1763 1371 chretienne,

1104 1403 1151 1471 les
1174 1425 1363 1479 sacremens,
1386 1404 1432 1465 les
1456 1402 1584 1484 prietes,
1608 1403 1655 1465 les
1678 1400 1765 1465 cere

1105 1512 1227 1573 munies
1251 1524 1282 1574 et
1298 1513 1343 1574 les
1360 1532 1475 1591 usages
1492 1512 1533 1573 de
1547 1508 1680 1590 l'dglise,
1705 1510 1764 1572 im·

1105 1616 1241 1700 primees
1257 1640 1316 1700 par
1331 1619 1427 1681 ordre
1443 1618 1484 1680 de
1501 1618 1631 1680 messire
1646 1617 1764 1680 Char·

1105 1726 1158 1787 les
1180 1726 1351 1806 Joachim
1380 1725 1551 1801 Colbert,
1576 1722 1696 1806 eveque
1720 1724 1765 1786 de

1106 1833 1322 1913 Montpellier.
1363 1834 1459 1896 Decr.
1495 1850 1535 1892 21
1570 1834 1634 1896 ian.
1670 1850 1763 1912 1721.

1106 1938 1142 2005 νζ
1160 1935 1333 2019 Pouget,
1359 1936 1627 2023 Franpois·Aimd.

1149 2048 1402 2120 Instructions
1440 2048 1504 2110 3ηά
1545 2067 1676 2127 prayers
1712 2047 1765 2109 sor

1104 2157 1248 2220 children
1264 2156 1339 2219 with
1359 2178 1378 2219 a
1394 2156 1567 2218 catechism
1583 2155 1632 2217 sor
1651 2156 1766 2235 young

1104 2266 1265 2340 children,
1306 2280 1399 2343 1724.
1431 2264 1526 2329 Decr.
1563 2263 1596 2326 S.
1631 2263 1693 2344 Off.
1722 2281 1765 2341 29

1105 2374 1166 2437 dec.
1192 2391 1280 2453 1734.

1150 2478 1451 2544 instrumentum
1471 2475 1695 2556 appellationis
1720 2476 1766 2538 in·

1106 2587 1255 2649 teriectae
1280 2585 1331 2647 die
1354 2584 1457 2664 prima
1482 2582 1587 2645 martii
1615 2598 1697 2660 1717
1723 2585 1767 2645 ab

1105 2691 1265 2773 episcopis
1275 2690 1487 2771 mirapicensi,
1498 2690 1767 2763 senecensimon·

1107 2798 1309 2879 tispessulani
1327 2811 1359 2861 et
1374 2797 1551 2859 boloniensi
1567 2796 1609 2857 ad
1622 2797 1766 2859 futurum

1107 2906 1275 2969 concilium
1306 2905 1453 2985 generale
1484 2926 1503 2966 3
1534 2903 1768 2966 constitutione

1108 3035 1150 3077 ss.
1169 3013 1199 3075 d.
1218 3034 1247 3074 n.
1266 3013 1297 3076 d.
1312 3011 1485 3073 Clementis
1503 3012 1606 3092 Papae
1621 3012 1668 3072 Xl
1687 3008 1766 3073 data

1109 3122 1233 3182 Romae
1259 3140 1343 3181 anno
1371 3136 1535 3181 muccxm
1568 3131 1660 3181 sexto
1683 3118 1764 3181 ldus

1108 3227 1317 3308 septembris,
1347 3228 1524 3289 subiunctis
1555 3226 1767 3289 conclusioni·

1110 3338 1168 3398 bus
1181 3334 1297 3415 quibus
1315 3334 1419 3395 dictae
1431 3331 1636 3414 appellationi
1648 3333 1768 3395 adhae-

1109 3454 1218 3505 serunt
1250 3462 1275 3505 s.
1304 3441 1436 3503 facultas
1464 3440 1648 3519 theologica
1679 3440 1768 3521 pari-

1110 3549 1234 3613 siensis.
1260 3549 1357 3613 Decr.
1377 3550 1410 3612 S.
1432 3549 1494 3630 Off.
1512 3554 1551 3610 16
1571 3547 1654 3624 febr.
1672 3553 1764 3628 1718.

1109 3678 1138 3721 v.
1154 3656 1260 3718 Acte
1285 3655 1411 3736 d’appel
1429 3652 1588 3735 interjette
1604 3654 1633 3716 le
1649 3673 1661 3717 1
1678 3674 1766 3716 mars

1110 3780 1297 3827 unccxvu.

1154 3873 1173 3950 †
1204 3872 1507 3938 Instrumentum
1541 3868 1766 3951 appellationis

391 3976 500 4040 laveur
534 3978 591 4040 des
624 3979 755 4059 simples
791 3976 910 4042 fideles,
950 3978 1046 4042 Decr.
1109 3978 1356 4058 (archiepiscopi
1385 3976 1618 4040 ultraiectensis
1645 3988 1678 4040 et
1701 3977 1768 4058 epi·

391 4101 412 4144 1
434 4090 638 4165 mart.1768.
662 4107 691 4150 v.
717 4087 879 4165 Hugot,
905 4084 1048 4150 Nicolas.
1108 4086 1197 4166 scopi
1222 4086 1444 4167 harlemensis)
1460 4086 1502 4147 ad
1518 4084 1687 4148 concilium
1712 4104 1767 4165 ge·

436 4191 689 4258 Instructions
719 4192 878 4272 (general)
909 4195 952 4272 by
981 4214 1049 4272 way
1110 4192 1215 4254 nerale
1238 4192 1379 4254 futurum
1407 4216 1425 4255 3
1450 4193 1575 4255 duobus
1603 4192 1766 4269 brevibus

392 4298 429 4360 of
446 4298 632 4373 catechism,
658 4298 689 4359 in
714 4298 817 4360 which
847 4300 901 4361 the
924 4299 1049 4379 history
1109 4320 1191 4381 quae
1214 4300 1395 4379 praeierunt
1416 4321 1531 4362 nomen
1548 4321 1589 4363 ss.
1607 4299 1639 4362 d.
1660 4321 1691 4363 n.
1710 4300 1766 4362 Be·
1797 4330 1801 4338 ·

391 4405 455 4467 and
488 4418 590 4468 tenets
622 4405 659 4467 ol
685 4405 820 4484 religion
851 4427 906 4467 are
936 4406 1048 4485 briefly
1109 4406 1227 4469 nedicti
1262 4407 1341 4466 XIV
1373 4406 1501 4486 scriptis
1530 4405 1571 4469 ad
1599 4406 1767 4469 universos

392 4512 560 4591 explained
597 4515 640 4592 by
682 4513 759 4591 holy
792 4513 950 4593 scripture
984 4512 1047 4574 3ηά
1109 4512 1284 4574 catholicos
1302 4512 1332 4574 in
1349 4513 1515 4576 foederato
1527 4512 1647 4590 Belgio.
1661 4513 1770 4575 Brevi

391 4620 556 4694 tradition,
574 4620 748 4682 translated
772 4620 852 4682 from
877 4622 931 4682 the
954 4620 1049 4698 origi·
1108 4621 1224 4683 Bened.
1250 4620 1345 4683 XIV.
1369 4626 1408 4681 26
1432 4622 1500 4684 iun.
1525 4637 1619 4699 1745.

392 4729 445 4790 nal
467 4727 584 4802 srench,
609 4727 775 4790 corrected
803 4728 867 4789 and
890 4728 1048 4789 amended
1151 4726 1401 4793 Instruttione
1441 4725 1460 4789 a
1499 4727 1641 4807 prencipi
1681 4725 1766 4790 della

393 4837 436 4914 by
459 4834 612 4898 Silvester
635 4834 737 4896 Lewis
761 4835 875 4914 Lloyd.
894 4835 990 4899 Decr.
1003 4852 1049 4912 15
1109 4834 1247 4896 maniera
1271 4855 1330 4896 con
1354 4836 1385 4896 la
1409 4836 1503 4915 quale
1531 4835 1556 4895 si
1580 4854 1767 4913 governano

393 4945 459 5007 ron.
489 4960 584 5022 1725.
616 4963 645 5006 v.
677 4941 967 5004 instructions
996 4941 1049 5021 ge·
1108 4941 1128 5003 li
1153 4941 1245 5022 padri
1269 4942 1398 5021 giesuiti
1415 4944 1492 5004 satta
1509 4943 1550 5003 da
1567 4962 1704 5022 persona
1721 4964 1767 5005 re·

393 5049 525 5114 nerales.
1107 5049 1223 5128 ligiosa
1260 5069 1279 5110 e
1324 5050 1511 5112 totalmente
1553 5049 1765 5129 spassionata.

437 5156 692 5223 Instructions
707 5155 871 5236 generales
886 5177 926 5218 en
949 5156 1049 5219 lorme
1111 5158 1206 5221 Decr.
1230 5176 1270 5219 ιο
1285 5157 1375 5236 febr.
1400 5164 1488 5223 1618.
