4309 6534
398 787 436 851 14
962 801 1179 850 cousmvmo

474 1005 523 1070 37.
544 1005 580 1070 Si
600 1014 723 1070 auctor
743 1006 876 1069 Romae
904 1005 1037 1087 degens
1064 1002 1191 1067 librum
1218 1019 1288 1066 non
1308 1000 1345 1065 in
1365 1000 1476 1080 Urbe,
1501 999 1565 1064 sed
1585 997 1668 1063 alibi
1690 997 1745 1064 im·

394 1138 544 1222 primere
575 1140 675 1221 velit,
707 1149 847 1222 praeter
879 1137 1165 1222 approbationem
1196 1134 1391 1201 Cardinalis
1421 1133 1526 1200 Urbis
1551 1132 1684 1198 Vicarii
1712 1141 1746 1198 et

395 1275 554 1359 Magistri
573 1277 665 1342 sacri
684 1276 804 1359 palatii
823 1274 1013 1358 apostolici,
1035 1273 1104 1338 alia
1124 1292 1194 1338 non
1216 1271 1412 1354 requiritur.

962 1604 1118 1669 CAPVT
1139 1603 1178 1668 Π.

565 1839 612 1885 DE
632 1837 811 1885 CENSORVM
832 1836 964 1883 OFFICIO
984 1837 1019 1883 IN
1040 1835 1192 1883 PRAEVIO
1212 1834 1387 1883 LIBRORVM
1406 1834 1575 1881 toxam.

472 2074 522 2139 38.
543 2073 675 2139 Curent
696 2071 856 2156 episcopi,
871 2089 1020 2154 quorum
1041 2070 1196 2136 muneris
1217 2079 1271 2136 est
1285 2070 1487 2135 facultatem
1507 2069 1617 2134 libros
1636 2067 1746 2151 impri-

393 2211 510 2277 mendi
530 2212 738 2292 concedere,
764 2221 803 2275 ut
824 2210 874 2275 eis
895 2209 1134 2275 examinandis
1154 2218 1333 2292 spectatae
1352 2206 1491 2290 pietatis
1512 2215 1548 2271 et
1569 2205 1746 2270 doctrinae

393 2346 488 2411 viros
508 2345 710 2425 adhibeant,
732 2346 775 2409 de
796 2363 945 2427 quorum
965 2345 1033 2408 fide
1054 2354 1090 2408 et
1110 2343 1310 2427 integritate
1338 2341 1402 2406 sibi
1425 2339 1584 2424 polliceri
1603 2346 1746 2421 queant,

393 2481 478 2545 nihil
499 2497 560 2544 eos
580 2478 714 2562 gratiae
736 2479 892 2559 daturoS,
913 2478 998 2543 nihil
1019 2478 1113 2559 odio,
1135 2479 1198 2542 sed
1219 2476 1313 2542 omni
1332 2477 1486 2541 humano
1507 2476 1637 2539 affectu
1657 2482 1747 2557 post·

394 2613 520 2694 habito,
542 2611 608 2677 Dei
630 2612 812 2677 dumtaxat
833 2613 980 2696 gloriam
998 2620 1218 2695 spectaturos
1239 2620 1274 2676 et
1294 2610 1406 2675 fidelis
1419 2608 1538 2693 populi
1552 2608 1745 2673 utilitatem.

472 2746 521 2811 39.
542 2746 596 2811 De
617 2746 723 2812 variis
750 2747 966 2829 opinionibus
993 2757 1098 2830 atque
1126 2747 1306 2813 sententiis
1333 2747 1443 2827 (iuxta
1462 2744 1644 2811 Benedicti
1664 2741 1747 2808 XIV

393 2884 629 2965 praeceptum)
649 2882 765 2947 animo
792 2902 814 2946 a
841 2883 1060 2965 praeiudiciis
1087 2882 1247 2947 omnibus
1275 2899 1407 2962 vacuo,
1435 2881 1662 2946 iudicandum
1685 2878 1747 2945 sibi

393 3037 470 3082 esse
491 3036 655 3083 censores
678 3018 798 3082 sciant.
824 3018 944 3100 Itaque
964 3019 1122 3098 nationis
1139 3019 1297 3099 familiae,
1312 3019 1462 3099 scholae,
1477 3017 1627 3083 instituti
1646 3017 1747 3081 affec·

394 3161 468 3215 tum
489 3152 676 3232 excutiant,
698 3151 812 3216 studia
833 3151 983 3233 partium
1008 3161 1187 3234 seponant,
1208 3153 1386 3217 Ecclesiae
1407 3161 1551 3218 sanctae
1571 3151 1745 3234 dogmata,

393 3293 428 3348 et
448 3302 670 3350 communem
694 3284 945 3348 catholicorum
966 3284 1170 3365 doctrinam,
1185 3304 1275 3367 quae
1290 3285 1516 3350 conciliorum
1531 3283 1746 3367 generalium

392 3418 556 3499 decretis,
585 3436 809 3482 romanorum
840 3417 1046 3482 Pontificum
1076 3418 1394 3500 constitutionibus,
1426 3429 1533 3501 atque
1563 3419 1745 3484 doctorum

392 3571 564 3619 consensu
585 3552 815 3633 continentur,
836 3552 938 3617 unice
958 3572 1043 3635 prae
1064 3554 1175 3619 oculis
1195 3555 1355 3620 habeant.

471 3690 520 3753 40.
541 3689 714 3754 Absoluto
735 3689 904 3770 examine,
919 3690 949 3754 si
969 3690 1054 3754 nihil
1074 3691 1300 3773 publicationi
1317 3691 1395 3756 libri
1409 3691 1549 3756 obstare
1562 3690 1743 3770 videbitur,

392 3822 604 3905 Ordinarius‚
625 3823 662 3888 in
682 3824 820 3907 scriptis
841 3833 876 3889 et
897 3824 1037 3889 omnino
1052 3826 1171 3908 gratis,
1186 3826 1279 3890 illius
1292 3825 1490 3909 publicandi
1511 3825 1697 3907 licentiam,
1710 3826 1744 3890 in

391 3957 559 4041 principio
580 3960 638 4022 vel
658 3959 694 4023 in
714 3960 782 4023 fine
804 3959 918 4042 operis
938 3959 1214 4043 imprimendam,
1236 3961 1371 4025 auctori
1392 3961 1572 4026 concedat.

952 4292 1108 4358 CAPVT
1129 4293 1184 4358 ΙΠ.

649 4545 696 4590 DE
717 4544 826 4590 LIBRIS
847 4546 1026 4592 PRAEVIAE
1047 4547 1231 4592 CENSVRAE
1252 4545 1486 4592 SVBIICIENDIS.

470 4777 519 4841 41.
540 4776 671 4842 Omnes
694 4776 815 4840 fideles
838 4785 1001 4841 tenentur
1024 4777 1188 4860 praeviae
1212 4796 1381 4843 censurae
1406 4778 1665 4843 ecclesiasticae
1685 4793 1741 4843 eos

391 4916 515 4979 saltem
536 4915 706 4979 subiicere
726 4913 845 4995 libroS,
867 4914 926 4996 qui
953 4915 1089 4980 divinas
1113 4915 1324 4998 Scripturas,
1352 4934 1490 4980 sacram
1518 4916 1739 5000 theologiam,

390 5048 570 5113 historiam
605 5047 894 5128 ecclesiasticam,
929 5048 984 5113 ius
1018 5050 1243 5132 canonicum,
1279 5051 1492 5135 theologiam
1526 5054 1738 5129 naturalem,

391 5184 543 5266 ethicen,
568 5182 699 5248 aliasve
723 5183 920 5248 huiusmodi
944 5185 1125 5269 religiosas
1151 5197 1213 5253 aut
1236 5190 1387 5254 morales
1414 5188 1614 5271 disciplinas
1641 5185 1738 5270 respi-
