4309 6534
898 826 1018 872 saonis
1038 828 1154 873 nnana
1176 828 1246 873 x111.
1715 813 1749 877 11

477 1029 526 1093 20.
547 1029 678 1109 Libros,
700 1037 761 1093 aut
781 1028 918 1093 libellos
937 1046 1090 1111 precum,
1112 1028 1315 1110 devotionis,
1336 1029 1394 1093 vel
1419 1028 1597 1094 doctrinae
1617 1028 1752 1094 institu-

396 1165 569 1248 tionisque
589 1166 782 1249 religiosae,
804 1164 954 1245 moralis
975 1164 1157 1245 asceticae,
1179 1164 1357 1244 mysticae,
1375 1164 1531 1246 aliosque
1545 1164 1750 1245 huiusmodi,

395 1299 557 1380 quamvis
576 1299 622 1362 ad
646 1299 832 1363 fovendam
856 1298 974 1380 populi
998 1297 1177 1363 christiani
1201 1297 1366 1381 pietatem
1391 1299 1588 1363 conducere
1611 1297 1752 1362 videan-

399 1441 468 1512 tur,
497 1451 600 1497 nemo
628 1442 768 1516 praeter
796 1434 972 1517 legitimae
1000 1433 1218 1497 auctoritatis
1246 1433 1422 1498 licentiam
1452 1432 1620 1515 publicet:
1651 1449 1755 1497 secus

394 1566 559 1649 prohibiti
578 1567 782 1631 habeantur.

939 1766 1096 1833 CAPVT
1116 1766 1206 1832 VIII.

670 1947 718 1992 DE
739 1947 875 2009 DIARIIS,
898 1947 1006 1993 FOLIIS
1027 1948 1072 1992 ET
1093 1947 1249 1994 LIBELLIS
1270 1946 1467 1993 PERIODICIS.

475 2107 525 2170 21.
546 2105 680 2189 Diaria,
709 2107 790 2171 solia
821 2116 856 2172 et
887 2108 993 2171 libelli
1023 2107 1204 2190 periodici,
1233 2107 1292 2189 qui
1322 2106 1526 2189 religionem
1553 2114 1614 2170 aut
1641 2106 1751 2170 bonos

393 2262 512 2309 mores
533 2245 615 2309 data
634 2265 742 2328 opera
761 2246 946 2328 impetunt,
968 2265 1038 2311 non
1059 2247 1173 2310 solum
1193 2244 1357 2325 naturali,
1379 2244 1441 2309 sed
1462 2243 1567 2308 etiarn
1589 2242 1751 2307 ecclesia·

393 2380 484 2444 stico
504 2381 580 2445 iure
600 2382 785 2464 proscripti
805 2381 1009 2445 habeantur.

475 2516 607 2582 Curent
627 2527 746 2581 autem
767 2517 948 2597 Ordinarii,
970 2517 1029 2582 ubi
1050 2536 1138 2600 opus
1158 2517 1212 2598 sit,
1234 2518 1278 2582 de
1298 2516 1497 2581 huiusmodi
1518 2514 1676 2581 lectionis
1696 2533 1751 2597 pe

394 2653 505 2718 riculo
527 2663 562 2717 et
583 2655 711 2718 damno
731 2655 853 2719 fideles
873 2663 1067 2738 opportune
1089 2672 1240 2719 monere.

473 2789 523 2853 22.
545 2788 656 2853 Nemo
677 2807 696 2852 e
717 2789 906 2869 catholicis,
928 2789 1134 2872 praesertim
1156 2808 1176 2853 e
1195 2788 1280 2852 viris
1305 2786 1557 2868 ecclesiasticis,
1578 2786 1614 2851 in
1634 2785 1751 2851 huius-

393 2922 488 2986 modi
508 2921 635 3002 diariis,
657 2923 714 2986 vel
735 2921 833 3002 soliis,
848 2924 906 2986 vel
927 2921 1052 2986 libellis
1072 2921 1264 3003 periodicis,
1287 2920 1475 3003 quidquam
1498 2920 1565 2985 nisi
1582 2918 1751 2984 suadente

392 3058 484 3123 iusta
505 3067 541 3122 et
562 3057 757 3123 rationabili
777 3076 892 3138 causa,
914 3057 1076 3140 publicet.

949 3288 1106 3354 CAPVT
1127 3288 1185 3354 IX.

704 3471 751 3516 DE
772 3470 980 3517 FACVLTATE
1001 3469 1154 3516 Laesum
1175 3470 1220 3514 ET
1240 3467 1428 3515 RETINENDI

895 3585 1013 3631 LIBROS
1034 3584 1238 3631 PROHIBITOS.

471 3746 522 3810 23.
543 3745 667 3810 Libros
687 3745 762 3809 sive
783 3744 1008 3828 specialibuS,
1030 3744 1105 3808 sive
1129 3744 1225 3808 hisce
1246 3743 1468 3827 generalibus
1498 3742 1648 3808 decretis
1675 3761 1750 3825 pro

392 3880 550 3963 scriptos,
571 3880 596 3944 ii
615 3887 751 3943 tantum
772 3879 891 3961 legere
905 3887 940 3942 et
954 3879 1105 3945 retinere
1119 3887 1291 3961 poterunt,
1317 3878 1376 3960 qui
1396 3897 1418 3942 a
1438 3877 1527 3943 Sede
1548 3879 1747 3961 apostolica,

391 4025 452 4079 aut
472 4015 614 4096 abillis,
636 4013 761 4096 quibus
774 4013 870 4078 vices
884 4030 966 4077 suas
986 4014 1171 4096 delegavit,
1193 4023 1407 4096 opportunas
1428 4014 1554 4079 suerint
1569 4016 1748 4079 consecuti

393 4150 586 4214 facultates

470 4285 521 4348 24.
542 4282 783 4348 Concedendis
803 4282 951 4347 licentiis
971 4282 1112 4365 legendi
1132 4292 1167 4346 et
1188 4283 1359 4348 retinendi
1383 4282 1490 4347 libros
1510 4300 1748 4365 quoscumque

391 4417 583 4501 prohibitos
607 4418 741 4482 romani
768 4417 953 4483 Pontifices
980 4436 1118 4483 sacram
1150 4419 1275 4484 Indicis
1303 4419 1619 4503 Congregationem
1649 4439 1749 4502 prae-

391 4571 550 4636 posuere.
571 4553 703 4616 Eadem
723 4553 945 4617 nihilominus
965 4561 1139 4636 potestate
1160 4555 1323 4637 gaudent,
1345 4564 1420 4619 tum
1448 4572 1612 4638 suprema
1635 4556 1748 4621 sancti

391 4687 502 4752 Officii
522 4685 767 4769 Congregatio,
789 4695 864 4750 tum
886 4703 986 4750 sacra
1007 4685 1243 4770 congregatio
1264 4688 1308 4751 de
1329 4688 1556 4772 propaganda
1586 4689 1653 4753 fide
1682 4708 1746 4773 pro

391 4820 592 4906 regionibus
619 4837 683 4884 suo
704 4819 863 4902 regimini
890 4820 1063 4884 subiectis.
1092 4821 1160 4884 Pro
1187 4820 1281 4884 Urbe
1309 4829 1465 4904 tantum,
1491 4823 1578 4886 haec
1599 4823 1747 4888 facultas

391 4955 558 5038 competit
579 4954 684 5019 etiam
705 4954 796 5018 sacri
816 4954 936 5035 palatii
955 4955 1139 5037 apostolici
1158 4955 1335 5038 Magistro.

469 5089 520 5153 25.
541 5088 702 5171 Episcopi
722 5087 848 5169 aliique
869 5088 1016 5169 praelati
1035 5088 1272 5152 iurisdictione
1286 5090 1386 5171 quasi
1404 5090 1592 5174 episcopali
1615 5095 1746 5176 pollen-

391 5233 453 5306 tes,
474 5242 539 5307 pro
559 5223 792 5307 singularibus
812 5223 916 5304 libris,
931 5233 1037 5306 atque
1050 5225 1087 5290 in
1101 5225 1239 5289 casibus
1260 5235 1396 5290 tantum
1416 5228 1630 5311 urgentibus,
1645 5229 1746 5295 licen·
