4309 6534
863 784 1045 832 nauantem
1066 784 1182 831 aaran
1202 784 1274 830 xiv,
1704 764 1745 830 25

393 989 620 1054 convocanda
640 989 715 1070 erit,
736 989 794 1053 vel
813 988 851 1052 in
870 986 943 1052 suis
963 987 1140 1068 cubiculis
1161 988 1219 1051 vel
1240 985 1495 1068 opportuniore,
1516 994 1555 1049 ut
1571 984 1638 1067 ipsi
1656 984 1749 1049 vide

392 1124 493 1204 bitur,
514 1125 603 1204 loco,
623 1124 716 1188 intra
736 1122 904 1205 praedicti
924 1122 1082 1187 coenobii
1104 1123 1218 1201 aedes,
1240 1121 1299 1185 ubi
1321 1120 1352 1185 is
1372 1128 1618 1185 commoratur.
1639 1119 1748 1202 Eique

392 1279 532 1343 semper
551 1259 710 1324 intererit
721 1258 891 1342 Magister
903 1258 996 1322 sacri
1008 1257 1128 1339 palatii
1144 1275 1208 1339 pro
1222 1266 1379 1339 tempore
1400 1256 1561 1337 existens,
1576 1274 1647 1320 una
1667 1272 1748 1319 cum

392 1414 456 1460 sex
475 1394 555 1459 aliis
574 1413 595 1459 e
614 1410 761 1459 numero
782 1392 1030 1471 consultorum,
1051 1390 1199 1473 singulis
1218 1389 1360 1470 vicibus
1380 1408 1444 1472 pro
1464 1390 1631 1472 qualitate
1649 1406 1749 1471 argu·

393 1529 510 1609 menti,
532 1538 568 1593 et
587 1527 765 1607 materiae,
786 1527 830 1591 de
850 1543 921 1609 qua
934 1525 1181 1607 disputandum
1196 1525 1270 1605 erit,
1285 1535 1444 1607 utsupra
1464 1525 1508 1589 de
1529 1524 1649 1606 primis
1669 1524 1750 1588 duo

394 1665 458 1728 bus
478 1663 745 1744 consultoribus,
766 1670 802 1727 et
825 1663 870 1726 de
890 1664 1041 1727 relatore
1061 1661 1289 1726 constitutum
1303 1670 1365 1741 est,
1380 1680 1402 1724 a
1419 1661 1607 1726 secretario
1625 1661 1751 1744 eligen-

394 1796 462 1877 dis,
482 1807 625 1879 praeter
644 1795 872 1860 secretarium
891 1794 1014 1878 ipsum,
1030 1794 1130 1858 cuius
1146 1802 1264 1875 partes
1284 1801 1387 1857 erunt
1406 1792 1443 1857 in
1462 1792 1600 1856 tabulas
1620 1791 1750 1856 referre

394 1934 636 1998 consultorum
655 1933 854 2015 sententias,
874 1950 961 2015 quas
981 1932 1107 1996 deinde
1126 1932 1172 1995 ad
1193 1930 1501 2014 congregationem
1515 1927 1751 1993 Cardinalium

395 2063 529 2144 mittet,
558 2081 640 2127 cum
670 2063 831 2128 relatoris
861 2082 1019 2128 censura.
1051 2063 1090 2127 In
1121 2063 1276 2145 generali
1307 2063 1447 2127 demum
1479 2059 1752 2144 congregatione

395 2198 512 2263 omnia
531 2198 593 2262 illa
612 2199 747 2263 servari
767 2200 959 2279 debebunt,
981 2217 1071 2281 quae
1092 2199 1251 2281 superius
1271 2208 1403 2263 statuta
1422 2208 1504 2263 sunt
1524 2216 1587 2280 pro
1602 2196 1752 2279 Congre

395 2334 537 2418 gatione
558 2333 671 2398 sancti
690 2333 802 2399 Officii
822 2334 915 2398 circa
939 2334 1107 2399 librorum
1131 2352 1289 2399 examen.
1314 2334 1369 2398 Ac
1393 2334 1686 2415 quemadmodum
1706 2332 1752 2396 ad

395 2487 610 2534 assessorem
624 2469 736 2533 sancti
750 2468 860 2533 Officii
873 2468 1022 2551 pertinet
1041 2468 1085 2532 de
1105 2468 1193 2532 actis
1213 2468 1249 2533 in
1270 2466 1549 2551 Congregatione
1576 2484 1753 2531 summum

397 2603 601 2670 Pontificem
622 2613 758 2669 certum
771 2604 936 2684 reddere;
955 2604 1005 2667 ita
1017 2603 1063 2666 ad
1077 2603 1304 2668 secretarium
1318 2603 1607 2686 Congregationis
1628 2604 1754 2668 Indicis

398 2741 578 2824 spectabit,
593 2741 729 2823 quoties
749 2742 836 2805 haec
857 2741 984 2805 librum
1004 2740 1156 2823 aliquem
1176 2740 1470 2822 proscribendum,
1490 2749 1551 2804 aut
1572 2740 1754 2804 emendan-

399 2874 482 2938 dum
501 2874 685 2954 censuerit,
701 2874 857 2939 eiusdem
870 2874 1046 2939 Pontificis
1059 2893 1249 2954 assensum,
1261 2874 1404 2957 praevia
1418 2873 1575 2957 diligenti
1594 2883 1754 2938 actorum

399 3011 555 3076 omnium
576 3009 754 3091 relatione,
776 3010 968 3093 exquirere.

477 3143 546 3223 §9.
568 3141 740 3222 Quoniam
769 3161 855 3208 vero
885 3143 921 3208 in
953 3143 1233 3227 Congregatione
1262 3142 1387 3207 Indicis
1411 3143 1455 3206 de
1482 3145 1557 3207 sola
1588 3142 1755 3206 librorum

401 3282 630 3365 prohibitione
650 3282 775 3367 agitur,
789 3282 957 3346 nonnulla
970 3282 1037 3345 hoc
1051 3283 1129 3345 loco
1143 3280 1365 3363 adiungenda
1382 3279 1620 3358 iudicavimus,
1642 3278 1755 3342 eidem

401 3418 673 3501 Congregationi
693 3417 910 3499 potissimum
937 3415 1016 3481 usui
1043 3416 1174 3496 sutura,
1200 3434 1289 3498 quae
1316 3425 1434 3481 tamen
1454 3417 1499 3480 ab
1518 3416 1630 3479 altera
1650 3415 1756 3478 etiam

402 3552 682 3636 Congregatione
703 3551 815 3616 sancti
834 3551 954 3630 Officii,
975 3552 1058 3615 dum
1079 3550 1115 3615 in
1135 3551 1238 3615 huius
1262 3567 1400 3632 quoque
1423 3549 1563 3633 generis
1582 3547 1698 3612 causis
1718 3565 1757 3611 se

403 3686 583 3767 immiscet,
605 3685 664 3749 ubi
684 3685 814 3750 similes
834 3704 953 3750 rerum
973 3684 1255 3750 circumstantiae
1276 3703 1314 3750 se
1335 3686 1491 3765 offerant,
1513 3703 1624 3768 aeque
1645 3687 1757 3749 obser·

404 3821 519 3885 vanda
538 3829 651 3884 erunt
672 3819 965 3901 Quotiescumque
988 3829 1117 3902 agatur
1143 3821 1187 3884 de
1215 3820 1302 3884 libro
1330 3819 1483 3883 auctoris
1502 3820 1677 3899 catholici,
1699 3818 1758 3900 qui

405 3954 448 4020 sit
466 3954 628 4037 integrae
648 3955 774 4034 famae,
799 3962 834 4019 et
858 3954 944 4019 clari
970 3955 1135 4036 nominis,
1160 3957 1218 4019 vel
1238 3956 1283 4018 ob
1303 3955 1390 4018 alios
1408 3925 1529 4019 'editos
1556 3955 1675 4033 libros,
1699 3954 1757 4017 vel

407 4088 493 4155 sorte
514 4090 561 4154 ob
581 4106 662 4153 eum
684 4089 807 4173 ipsum,
829 4090 888 4171 qui
907 4089 944 4153 in
964 4108 1113 4153 examen
1136 4089 1329 4168 adducitur,
1351 4098 1386 4153 et
1406 4089 1500 4152 hunc
1525 4087 1664 4170 quidem
1684 4104 1759 4169 pro

406 4225 508 4290 scribi
528 4233 705 4307 oporteat;
725 4241 809 4306 prae
829 4224 941 4288 oculis
954 4225 1124 4288 habeatur
1144 4241 1211 4288 usu
1230 4223 1359 4287 iamdiu
1381 4231 1523 4304 recepta
1542 4221 1758 4286 consuetudo

407 4362 610 4444 prohibendi
630 4362 766 4441 librum,
786 4360 923 4426 adiecta
943 4362 1114 4426 clausula:
1135 4362 1241 4424 donec
1261 4360 1474 4441 corrigatur,
1494 4377 1557 4424 seu
1577 4361 1683 4424 donec
1702 4376 1760 4422 ex·

404 4505 594 4581 purgetur,
617 4497 647 4562 si
674 4499 790 4561 locum
814 4498 943 4562 habere
966 4497 1091 4579 possit,
1115 4515 1182 4561 nec
1205 4515 1315 4580 grave
1342 4496 1518 4578 quidpiam
1542 4496 1668 4575 obstet,
1691 4512 1760 4577 quo

407 4633 521 4699 minus
540 4634 576 4698 in
597 4651 682 4697 casu
703 4633 746 4695 de
767 4649 836 4714 quo
856 4633 982 4715 agitur,
1003 4632 1160 4697 adhiberi
1179 4634 1305 4696 valeat.
1327 4633 1403 4695 Hac
1424 4642 1542 4696 autem
1563 4631 1760 4696 conditione

408 4766 649 4849 proscriptioni
668 4765 813 4846 adiecta,
828 4784 899 4831 non
912 4766 1030 4830 statim
1052 4768 1175 4831 edatur
1196 4766 1385 4846 decretum,
1404 4766 1466 4831 sed
1487 4784 1656 4848 suspensa
1669 4764 1762 4829 illius

408 4902 649 4984 publicatione,
670 4920 728 4966 res
748 4911 852 4966 antea
872 4919 953 4966 cum
973 4914 1127 4983 auctore,
1142 4905 1200 4967 vel
1224 4903 1348 4985 quovis
1368 4906 1479 4967 altero
1499 4922 1563 4986 pro
1578 4921 1620 4967 eo
1633 4912 1762 4987 agente

410 5046 443 5100 et
461 5044 610 5119 rogante
630 5035 916 5115 communicetur,
930 5045 1037 5118 atque
1058 5036 1090 5100 ei
1110 5036 1193 5117 quid
1214 5038 1408 5118 delendum,
1424 5038 1638 5119 mutandum,
1661 5038 1763 5102 corri-

411 5172 607 5254 gendumve
628 5170 741 5252 fuerit,
754 5171 935 5236 indicetur.
950 5171 1051 5252 Quod
1064 5171 1095 5235 si
1108 5189 1211 5236 nemo
1226 5173 1379 5237 auctoris
1392 5173 1531 5238 nomine
1552 5182 1762 5257 compareat,
