4309 6534
996 861 1062 927 Vos
1080 900 1094 914 ·
1111 867 1174 926 Vni
1714 883 1767 938 309

397 1100 462 1163 qua
489 1081 603 1161 religio
632 1082 883 1146 Moscovitarum
914 1082 1052 1146 breviter
1111 1081 1214 1145 tiones
1230 1101 1368 1161 nuperae
1384 1080 1513 1144 criticae
1533 1101 1652 1145 sacrae.
1670 1082 1769 1146 Decr.

398 1186 554 1253 delineata
583 1200 616 1253 et
646 1188 799 1253 exhibita.
819 1188 917 1253 Decr.
931 1206 971 1250 11
992 1190 1050 1254 iul.
1111 1195 1227 1270 aapr.
1252 1192 1345 1251 1686.

398 1311 487 1375 17ο1.
1156 1330 1199 1343 -
1222 1316 1251 1359 u.
1276 1294 1455 1373 ignatius
1471 1299 1529 1378 (s.)
1545 1308 1677 1379 martyr.
1695 1295 1768 1376 Epi-

440 1402 614 1483 vossius,
631 1404 816 1485 Dionysius.
842 1424 871 1468 v.
897 1404 1052 1468 Maimo-
1111 1401 1212 1465 stolae
1235 1403 1403 1482 genuinae.

397 1507 520 1584 uides,
546 1511 663 1575 Moses.
688 1511 739 1574 De
763 1509 954 1575 idololatria.
1154 1508 1358 1591 voutbier,
1382 1507 1525 1574 Charles.
1554 1510 1690 1574 Deiense
1715 1511 1771 1573 des

440 1615 615 1695 Vossius,
636 1616 801 1680 Gerardus
817 1618 963 1682 loannes.
981 1618 1052 1681 Dis·
1111 1613 1304 1696 principales
1327 1616 1544 1697 propositione
1564 1618 1605 1679 de
1628 1616 1658 1680 la
1682 1614 1772 1681 these

396 1723 585 1786 certationes
608 1737 673 1787 tres
697 1726 737 1787 de
761 1723 863 1788 tribus
886 1723 1050 1807 symbolis,
1112 1736 1268 1787 soutenue
1292 1723 1372 1787 dans
1395 1720 1590 1787 l'universite
1610 1722 1651 1786 de
1666 1722 1772 1788 Geues

395 1830 586 1909 apostolico,
611 1831 822 1894 athanasiano
849 1845 881 1895 et
908 1846 1051 1895 constan·
1111 1829 1140 1891 le
1160 1846 1198 1904 19
1211 1828 1320 1912 juillet
1341 1835 1434 1894 1860.
1453 1830 1551 1895 Decr.
1569 1851 1588 1908 9
1607 1836 1663 1895 oct.
1680 1836 1770 1895 1861.

396 1936 618 2017 tiuopolitano.
643 1938 741 2003 Decr.
766 1943 807 2002 16
827 1946 900 2021 apr.
925 1943 1020 2017 1651.
1155 1936 1316 2022 Voyage
1338 1939 1518 2018 (nouveau)
1545 1935 1670 2001 d'ltalie
1693 1956 1771 2001 avec

441 2081 484 2094 -
507 2047 628 2109 Theses
651 2044 852 2127 theologicae
870 2060 903 2110 et
927 2048 1052 2111 histori·
1112 2064 1154 2105 un
1178 2041 1331 2107 memoire
1354 2056 1526 2108 contenant
1549 2046 1606 2107 des
1621 2045 1690 2107 avis
1714 2044 1772 2109 uti-

395 2171 452 2215 cae
474 2153 516 2215 de
543 2154 640 2217 variis
667 2155 832 2219 doctrinae
859 2154 1051 2218 christianae
1111 2150 1199 2214 lesa
1234 2173 1334 2228 ceux,
1360 2152 1416 2234 qui
1451 2152 1612 2216 voudront
1642 2152 1719 2215 laire
1741 2151 1772 2215 le

394 2260 563 2339 capitibus,
577 2280 657 2342 quas
669 2262 746 2325 olim
759 2262 969 2343 disputandas
982 2281 1052 2343 pro
1111 2278 1231 2320 mesine
1252 2278 1388 2340 voyage.
1414 2258 1511 2323 Decr.
1537 2277 1576 2340 17
1598 2263 1770 2341 11111719.

394 2367 502 2446 posuit
530 2368 562 2430 in
589 2369 752 2433 academia
782 2369 924 2435 leidensi.
953 2370 1051 2434 Dect.
1112 2384 1141 2427 v.
1166 2364 1322 2439 Misson,
1351 2361 1556 2430 Maximilien.

395 2492 415 2551 3
435 2482 509 2556 apr.
533 2479 628 2554 1685.
1158 2471 1264 2537 Vues
1286 2492 1342 2535 sur
1357 2472 1386 2535 le
1402 2475 1574 2538 sacerdoce
1589 2485 1622 2538 et
1638 2472 1771 2539 l'oeuvre

438 2613 484 2629 —·
499 2582 695 2647 Harmoniae
707 2585 910 2665 evangelicae
927 2586 968 2648 de
984 2606 1053 2666 pas.
1112 2577 1320 2644 sacerdotale.
1344 2615 1361 2627 -
1378 2579 1504 2644 Extrait
1533 2581 1574 2645 de
1602 2579 1633 2643 la
1655 2582 1707 2645 vie
1730 2583 1771 2644 de

394 2688 491 2763 sione,
517 2699 640 2767 morte,
666 2692 896 2756 resurrectione
929 2714 968 2755 ac
998 2693 1051 2755 ad·
1111 2685 1141 2747 la
1158 2705 1182 2749 r.
1200 2706 1242 2750 m.
1259 2685 1525 2751 Salute-Thsrdse
1542 2689 1582 2751 de
1597 2686 1698 2769 stus
1715 2692 1768 2753 ab·

394 2797 559 2859 seensione
597 2798 668 2861 lesu
710 2793 831 2863 Christi
870 2798 1051 2863 servatoris
1111 2794 1203 2856 besse
1216 2793 1259 2855 du
1280 2792 1459 2857 monastdre
1482 2795 1522 2857 de
1543 2793 1771 2859 SainteClaire

393 2904 504 2979 nostri,
528 2904 601 2967 libri
624 2919 698 2971 tres.
723 2906 821 2971 Decr.
846 2925 867 2968 1
883 2908 941 2971 iul.
958 2912 1048 2971 1686.
1109 2900 1166 2980 (de
1190 2901 1342 2982 Lavaur).
1367 2893 1465 2967 Decr.
1489 2899 1526 2967 S.
1548 2903 1610 2986 Off.
1628 2921 1676 2983 15
1705 2905 1767 2968 dec.

437 3046 483 3058 —
506 3012 556 3074 De
579 3011 742 3092 theologia
771 3014 882 3093 gentili
912 3028 945 3078 et
967 3016 1050 3095 phy·
1108 3009 1196 3085 1893.

393 3117 528 3198 siologia
556 3120 744 3196 christiana,
768 3122 835 3184 sive
863 3121 904 3185 de
926 3122 1050 3201 origine
1152 3114 1309 3198 VulpeS,
1334 3117 1488 3197 Angelus.
1506 3117 1625 3182 Sacrae
1649 3119 1769 3184 theolo

392 3243 431 3288 ac
443 3247 614 3306 progressu
625 3228 833 3304 idololatriae,
847 3230 951 3311 deque
961 3244 1049 3292 natu·
1108 3220 1181 3300 glai!
1193 3220 1325 3285 Summa
1346 3224 1473 3286 loannis
1487 3225 1579 3288 Duns
1591 3225 1679 3289 Scoti
1696 3225 1769 3289 doc·

392 3354 445 3395 rae
469 3335 624 3397 mirandis
652 3336 769 3416 quibus
796 3337 893 3401 homo
920 3336 1049 3398 adduci·
1109 3327 1186 3390 toris
1211 3326 1359 3409 subtilf‘fi,
1387 3343 1420 3393 et
1447 3332 1674 3396 commentaria
1702 3334 1770 3415 qui·

392 3454 445 3503 rur
467 3442 508 3502 ad
545 3441 670 3518 Deum,
695 3441 766 3505 libri
804 3441 1049 3507 1X,Decr,16
1110 3437 1169 3498 bus
1181 3437 1250 3499 eius
1266 3438 1411 3501 doctrina
1424 3439 1610 3517 elucidatur,
1625 3461 1770 3521 compro·

392 3563 463 3610 nov.
487 3555 577 3628 1716.
1109 3544 1412 3619 batur,delenditur.
1432 3549 1526 3611 Tomi
1528 3552 1640 3632 primi
1646 3545 1767 3631 parsl.

437 3687 482 3704 ..
509 3676 539 3717 v,
571 3656 755 3736 Μῶμε,
790 3656 935 3721 michaei,
965 3654 1050 3720 con.
1108 3650 1770 3739 1111..11111111111117111111111

392 3760 497 3823 silium
532 3761 697 3841 Gregorio
729 3763 795 3826 XV
840 3777 928 3845 pont.
964 3781 1048 3827 max.
1107 3762 1768 3846 111111.,·11111111111111711111611

393 3868 580 3933 exhibitum.
1077 3937 1081 3960 1
1108 3868 1175 3929 Iule
1192 3869 1322 3950 prohib.
1350 3867 1447 3935 Decr.
1474 3872 1592 3952 3sebr.
1618 3877 1659 3935 16
1660 3889 1719 3951 59:
1743 3889 1770 3951 5

436 3976 611 4058 Vossius,
629 3978 766 4043 isaacus.
781 3978 831 4040 De
846 3978 1048 4058 septuaginta
1077 3965 1081 4040 l
1108 3984 1205 4040 mart.
1219 3995 1314 4057 1714:
1327 3995 1346 4037 1
1357 3984 1415 4043 oct.
1430 3998 1583 4060 1715116
1595 3985 1768 4061 11111716·

393 4082 619 4162 interpretibus
642 4105 817 4167 eorumque
844 4085 1050 4148 translatione
1077 4075 1081 4154 i
1109 4090 1148 4145 16
1172 4103 1241 4148 nov.
1266 4091 1366 4164 1716,·
1388 4086 1512 4166 77161.
1538 4093 1637 4168 1718,·
1660 4108 1680 4168 4
1703 4090 1765 4152 dec.

391 4203 424 4253 et
446 4191 654 4271 chronologia
678 4191 929 4256 dissertationes.
950 4191 1048 4255 Decr.
1109 4209 1204 4271 1719:
1228 4196 1269 4254 16
1293 4195 1359 4258 ian.
1384 4199 1549 4274 1711,·16
1572 4216 1649 4276 aug.
1674 4202 1764 4276 1716.

345 4291 347 4294 ’
392 4315 432 4360 1ο
454 4318 533 4377 aug.
558 4303 655 4376 1663:
678 4318 698 4360 1
721 4308 794 4382 apr.
819 4304 910 4364 1686.
1151 4297 1298 4380 Vulpes
1321 4300 1464 4379 (loannis
1481 4302 1638 4365 Martinez
1655 4303 1695 4365 de
1711 4303 1766 4364 Ri-

438 4437 481 4451 -—
504 4405 554 4467 D‘e
569 4403 649 4468 lucis
664 4422 777 4469 natura
794 4422 826 4470 et
842 4406 1047 4487 proprietate.
1109 4404 1204 4485 palda
1221 4426 1239 4467 e
1254 4406 1407 4471 societate
1422 4408 1558 4472 nominis
1574 4409 1661 4489 lesu)
1673 4421 1766 4490 capta

393 4509 491 4576 Decr.
516 4532 536 4573 2
557 4520 630 4595 apr.
655 4519 744 4577 1686.
1109 4532 1166 4591 per
1189 4511 1360 4592 theologos
1387 4536 1496 4578 sacrae
1515 4516 1674 4580 lacultatis
1697 4538 1767 4580 aca-

436 4653 480 4667 -
508 4620 559 4682 De
600 4620 756 4701 sibyllinis
794 4620 928 4703 aliisque
967 4641 1050 4701 quae
1109 4619 1232 4681 demiae
1267 4619 1468 4686 lovaniensis.
1500 4624 1597 4687 Decr.
1632 4620 1668 4687 S.
1702 4622 1765 4706 Off.

392 4723 511 4789 Christi
529 4727 666 4791 natalem
683 4748 884 4807 praecessere
900 4727 1047 4791 oraculis.
1105 4727 1170 4804 ser.
1205 4726 1239 4791 V.
1271 4747 1311 4804 23
1339 4736 1412 4810 apr.
1444 4735 1484 4791 16
1485 4747 1540 4810 54.
1571 4744 1607 4795 v.
1640 4730 1767 4795 Sinni-

393 4833 526 4898 Aocedit
544 4834 687 4897 eiusdem
708 4836 873 4916 responsio
889 4836 930 4897 ad
947 4834 1049 4898 obiec·
1084 4883 1087 4907 ,
1107 4833 1233 4910 chius,
1258 4834 1402 4900 loannes.
