4309 6534
944 759 1007 815 Dec
1026 790 1041 801 ·
1061 759 1127 815 Del
1669 772 1720 825 103

410 964 622 1034 Declaratio
654 964 887 1047 archiepiscopi
922 968 1010 1029 seba·

365 1072 458 1149 steni,
481 1072 651 1155 apostolici
678 1073 710 1134 in
735 1073 917 1137 Hollandae
938 1072 1011 1136 mis·

365 1181 455 1244 sione
477 1180 604 1256 vicarii,
628 1201 726 1261 super
756 1180 900 1260 pluribus
928 1200 1011 1261 quae

366 1301 434 1351 tum
449 1289 493 1349 ad
515 1287 631 1369 ipsum,
653 1299 721 1350 tum
744 1288 787 1349 ad
811 1287 898 1349 illam
914 1288 1010 1368 perti·

365 1408 441 1459 nent
453 1394 769 1474 interrogationibus.
784 1394 883 1459 Decr.
897 1393 932 1459 S.
947 1395 1009 1475 Off.

363 1503 430 1581 ler.
455 1501 490 1565 V.
507 1509 612 1583 3apr.
625 1521 715 1580 17⁰4·
731 1501 1009 1577 o.Coddaeus,

367 1610 492 1673 Petrus.

411 1718 431 1796 †
449 1713 661 1784 neclaeatio
684 1728 717 1778 et
733 1716 954 1796 responsiones
970 1716 1012 1779 ab

366 1823 608 1904 archiepiscopo
645 1824 836 1897 sebasteno,
868 1844 940 1885 curn
979 1822 1011 1884 iu

1077 970 1189 1033 critica
1203 969 1286 1033 nella
1298 970 1432 1034 filosofia
1443 969 1607 1035 moderna.
1620 970 1719 1033 Decr.

1077 1096 1118 1139 rr
1140 1080 1202 1141 dec.
1226 1083 1316 1157 1874.

1119 1187 1174 1253 De
1197 1186 1377 1267 DominiS,
1401 1188 1529 1250 Marcus
1549 1186 1720 1249 Antonius.

1083 1293 1190 1375 Opera
1212 1298 1328 1359 omnia.
1354 1295 1452 1359 Decr.
1477 1314 1517 1355 rr
1535 1315 1604 1357 nov.
1622 1299 1721 1364 1616:

1079 1420 1099 1461 2
1100 1421 1118 1478 3
1124 1402 1212 1480 febr.
1225 1407 1306 1482 1617
1314 1426 1328 1473 ,·
1347 1406 1388 1464 28
1400 1423 1472 1466 roo.
1486 1407 1566 1482 1617
1576 1425 1590 1472 ,·
1612 1419 1633 1461 2
1647 1408 1721 1483 apr.

1077 1513 1181 1580 161&
1204 1529 1223 1586 o
1245 1516 1302 1573 oct.
1333 1515 1437 1581 161&-
1458 1528 1479 1570 ν
1509 1511 1593 1571 maii
1619 1514 1723 1578 1620:

1080 1621 1120 1678 ro
1143 1622 1241 1679 morl.
1266 1622 1356 1680 1621.

1126 1723 1195 1803 [De
1209 1723 1388 1804 Dominis,
1402 1726 1528 1787 Marcus
1537 1722 1722 1804 Antonius}

1080 1851 1109 1894 n.
1135 1832 1318 1912 Papatus
1342 1853 1503 1896 romanus.

367 1932 455 1994 Urbe
470 1945 564 2007 esset,
577 1952 623 1993 ee.
641 1930 697 1995 dd.
714 1930 933 1994 cardinalibus
949 1942 1011 1993 tra·
1042 1917 1045 1986 l
1125 1939 1370 2019 ..2500311
1391 1940 1633 2003 delchfisfiano
1650 1958 1724 2001 nau.

367 2040 462 2115 ditae,
471 2039 568 2101 etiarn
577 2038 647 2100 orbi
661 2038 814 2118 panditae
824 2038 1008 2113 christiano

366 2158 402 2209 ut
430 2158 558 2210 censeat
585 2147 627 2208 de
653 2165 787 2208 censura
817 2166 876 2227 per
903 2165 1008 2208 roma-

367 2254 691 2336 naminquisitionem
700 2252 762 2316 illis
771 2253 1013 2316 inflictaBrevi

374 2363 471 2426 Clem.
494 2363 556 2425 XI.
579 2382 601 2441 4
628 2364 695 2425 Oct.
719 2380 808 2440 1707.
841 2382 870 2425 v.
900 2361 1008 2425 Cod-

368 2471 510 2546 daeus,
537 2472 657 2533 Petrus.

412 2577 546 2646 Decret
576 2578 617 2640 de
640 2600 671 2640 n.
695 2598 721 2639 s.
745 2599 777 2657 p.
802 2577 832 2639 le
856 2598 939 2658 pape
963 2578 1010 2638 ln·

367 2699 482 2749 nocent
504 2687 551 2748 Xl
575 2698 686 2749 contre
716 2685 873 2764 plusieurs
896 2705 1012 2766 propo

367 2794 481 2856 sitions
504 2794 545 2855 de
564 2793 694 2855 morale.
715 2792 856 2875 Propter
878 2799 1010 2855 annoto·

369 2905 469 2963 tiones
482 2904 630 2980 adjectas.
654 2903 753 2967 Decr.
772 2908 812 2964 18
829 2905 897 2964 iun.
914 2906 1003 2964 1680.

411 3010 565 3077 Decrets
596 3010 637 3071 de
661 3031 719 3073 nos
742 3031 784 3074 ss.
810 3030 864 3090 pp.
888 3010 934 3071 les
960 3030 1013 3088 pa·

369 3139 425 3197 pes
441 3118 624 3181 Alexandre
641 3119 711 3194 Vll,
735 3131 767 3180 et
784 3119 937 3180 innocent
953 3117 1010 3190 XI,

367 3238 478 3288 contre
499 3226 657 3306 plusieurs
680 3225 898 3306 propositions
922 3222 1012 3285 dela

1078 2046 1192 2126 fragio.

1122 2187 1168 2200 -
1189 2174 1218 2217 o.
1246 2155 1445 2229 Lohetus,
1479 2154 1603 2218 Daniel.
1620 2153 1723 2216 Sorex

1080 2262 1211 2341 primus.

1123 2366 1143 2412 *
1160 2369 1214 2436 De
1229 2370 1344 2448 Faba,
1360 2369 1469 2449 Appio
1485 2370 1601 2432 Anneo
1613 2365 1724 2455 [pseu-

1078 2473 1263 2563 donymusJ.
1288 2475 1424 2539 Ritratti
1451 2476 1583 2557 poetici,
1614 2474 1726 2538 storici

1079 2606 1097 2647 e
1120 2583 1222 2648 critici
1245 2584 1280 2653 ,di
1303 2587 1369 2667 varj
1396 2584 1516 2647 nomini
1545 2583 1577 2647 di
1600 2584 1723 2647 lettere.

1080 2692 1189 2753 Donec
1220 2694 1342 2772 corrig.
1368 2694 1466 2756 Decr.
1492 2712 1509 2769 3
1540 2694 1603 2755 o'ec.
1629 2707 1725 2770 1754.

1080 2819 1108 2859 v.
1134 2799 1395 2874 Buonaiede‚
1419 2800 1580 2880 Appiano.

1124 2905 1285 2973 Defence
1307 2906 1357 2988 (a)
1379 2906 1415 2968 oi
1433 2906 1559 2968 natural
1589 2905 1654 2968 and
1681 2924 1727 2968 re·

1081 3012 1194 3074 vealed
1224 3012 1377 3091 religion,
1403 3012 1500 3091 being
1530 3033 1571 3073 an
1598 3010 1727 3089 abridg·

1082 3131 1168 3180 ment
1199 3119 1236 3181 os
1254 3119 1308 3180 the
1331 3139 1475 3180 sermons
1506 3116 1666 3198 preached
1692 3127 1726 3178 at

1083 3226 1137 3287 the
1159 3226 1279 3287 lecture
1302 3225 1443 3287 founded
1461 3228 1502 3305 by
1520 3226 1603 3288 Rob.
1616 3223 1725 3304 Boyle.

368 3335 487 3395 morale
504 3331 1011 3411 relachee.ALiegelrnchxx.
1045 3315 1048 3384 l
1082 3333 1180 3395 Decr.
1220 3349 1246 3409 5
1281 3334 1337 3393 iul.
1375 3338 1463 3411 1746.
1499 3353 1528 3396 v.
1553 3333 1726 3405 Burnet,

368 3441 466 3504 Decr.
483 3441 517 3503 S.
541 3441 603 3522 Off.
618 3440 684 3518 ser.
707 3439 741 3503 V.
758 3447 798 3502 2ό
815 3443 883 3504 iun.
901 3445 993 3502 1681.
1045 3391 1048 3544 Ι
1082 3439 1217 3503 Gilbert.

415 3546 613 3614 Decretum
638 3568 659 3607 o
696 3548 836 3609 Consilio
866 3546 1013 3607 Brabon-

367 3656 433 3714 tioe
473 3660 678 3729 emaciatum,
713 3674 776 3733 quo
804 3654 1012 3733 praecipitur

365 3762 601 3842 archiepiscopo
618 3761 850 3835 mechliniensi,
877 3765 914 3821 ul
937 3780 1013 3821 suas

368 3871 587 3931 monitorialcs
602 3871 731 3930 lilleras
746 3869 792 3929 od
810 3867 1013 3929 Gulielmum

368 3997 431 4038 van
454 3979 492 4038 de
514 3977 615 4038 Nesse
639 3984 704 4057 pro
727 3977 823 4037 rebus
852 3976 898 4036 aa'
907 3974 1012 4054 fidem

363 4085 602 4164 pertinentibus
629 4086 838 4147 transmissas
861 4087 1015 4145 cassele!

369 4194 524 4256 annullel.
551 4194 648 4255 Decr.
673 4191 709 4257 S.
739 4193 802 4274 Off.
818 4191 889 4272 scr.
911 4191 946 4256 V.
974 4210 1013 4268 29

371 4305 468 4363 mori.
493 4306 582 4379 1708.

413 4408 467 4472 De
484 4406 629 4486 cucchi,
646 4406 745 4471 Siste.
762 4407 822 4468 Vie
843 4405 926 4468 della
942 4425 1015 4468 con·

369 4513 586 4593 templatione‚
604 4534 665 4575 ove
687 4512 713 4576 s'
724 4514 900 4592 insegnano
919 4525 951 4576 et
971 4512 1015 4574 in·
1047 4567 1049 4592 ,

1125 3544 1290 3613 Defensa
1319 3547 1413 3608 dela
1441 3545 1563 3626 yglesia
1593 3540 1727 3606 catoliea
1854 3573 1859 3580 ·

1082 3666 1194 3715 contra
1213 3653 1244 3714 la
1260 3654 1334 3717 bula
1351 3649 1535 3731 dogmatica
1552 3653 1592 3714 de
1608 3649 1663 3714 Pio
1680 3650 1727 3712 1x

1082 3781 1121 3823 en
1139 3767 1158 3823 8
1175 3760 1215 3821 de
1239 3760 1413 3822 diciembre
1437 3759 1477 3821 de
1499 3766 1590 3837 1854,
1608 3778 1668 3839 por
1682 3777 1726 3819 un

1081 3868 1271 3943 americano,
1284 3868 1315 3929 al
1327 3888 1486 3948 congreso
1503 3868 1544 3929 de
1559 3868 1589 3928 la
1604 3866 1728 3928 aliauza

1082 3972 1276 4054 evangelica.
1296 3976 1394 4038 Decr.
1412 3994 1431 4055 7
1447 3977 1505 4038 iul.
1522 3979 1563 4035 18
1564 3991 1618 4051 59.

1128 4081 1286 4150 Defense
1307 4083 1364 4144 des
1388 4082 1464 4146 abes
1481 4080 1729 4145 commendatai·

1083 4211 1134 4253 res
1163 4203 1195 4252 et
1226 4191 1283 4253 des
1313 4188 1404 4252 cures
1437 4189 1587 4270 primitiis
1617 4199 1728 4250 contre

1082 4298 1128 4360 les
1145 4298 1283 4378 plaintes
1301 4298 1357 4360 des
1374 4298 1497 4360 moines
1509 4310 1541 4360 et
1553 4297 1610 4359 des
1626 4293 1727 4370 cures,

1083 4425 1166 4485 pour
1189 4406 1290 4467 servir
1306 4405 1347 4467 de
1363 4403 1497 4485 reponse
1513 4402 1532 4466 ὲ
1548 4401 1631 4466 l’abe
1646 4423 1730 4466 com-

1083 4512 1289 4575 mendataire.
1316 4512 1414 4575 Decr.
1439 4531 1478 4574 ro
1502 4515 1567 4576 ion.
1585 4515 1674 4586 1689.
1698 4529 1729 4573 v.

369 4620 469 4682 sieme
490 4621 517 4682 si
541 4641 646 4682 vanno
661 4621 863 4701 pratticando
886 4620 907 4681 li
932 4621 1015 4699 prin·
1047 4603 1050 4664 Ι
1086 4622 1198 4700 Drap
1207 4620 1316 4699 pier,
1345 4620 1429 4698 Guy.

370 4728 465 4807 cipali
489 4729 653 4803 essercitii‚
671 4729 911 4790 chesollevano
929 4727 1016 4789 l’ani-
1047 4679 1052 4824 i
1130 4725 1289 4794 Defense
1313 4727 1354 4788 de
1370 4722 1531 4789 l’autorite
1554 4738 1586 4788 et
1606 4725 1663 4786 des
1679 4722 1731 4786 de

372 4856 424 4896 rna
447 4835 509 4897 alla
525 4836 794 4915 contemplatione
817 4848 849 4897 et
873 4855 963 4897 amor
983 4834 1016 4895 di

371 4940 446 5005 Dio.
471 4942 569 5005 Decr.
594 4942 629 5005 S.
660 4941 723 5022 Off.
747 4962 766 5018 o
789 4944 873 5001 maii
893 4947 982 5017 1690.

416 5048 470 5116 De
493 5048 708 5128 DominiciS‚
731 5049 864 5111 Saverio
884 5049 1015 5111 Fausto.

371 5157 485 5220 Galilei
508 5179 526 5220 e
551 5159 648 5229 Kant,
674 5179 695 5221 o
716 5154 963 5239 l'esperienzae
985 5156 1016 5218 la

1085 4834 1202 4897 cisions
1226 4834 1283 4896 des
1312 4831 1489 4896 merveilles
1509 4852 1571 4913 que
1588 4832 1670 4893 Dieu
1692 4850 1731 4891 ne

1085 4963 1174 5003 cesse
1196 4942 1287 5021 point
1311 4941 1352 5002 de
1375 4941 1451 5002 faire
1473 4962 1512 5002 en
1537 4941 1658 5001 France
1678 4937 1731 4999 de·

1086 5050 1158 5130 puis
1193 5069 1236 5111 un
1269 5048 1374 5128 grand
1405 5049 1538 5110 nombre
1569 5044 1729 5109 d’annees

1085 5156 1184 5220 Decr.
1210 5155 1245 5221 S.
1274 5156 1337 5237 Off.
1361 5173 1408 5234 25
1428 5161 1507 5237 sept.
1531 5171 1626 5234 1753.
