4309 6534
513 820 550 874 to
1109 816 1284 873 cns-cst

558 1037 786 1119 -Theologia
798 1039 1118 1120 moralisexpurgata
1128 1047 1162 1101 et

511 1144 626 1207 ordine
648 1146 851 1227 alphabetico
867 1146 1035 1228 disposita.
1060 1147 1159 1210 Decr.

511 1258 631 1334 4sept.
656 1259 716 1316 168
718 1272 751 1332 5.

555 1361 739 1442 caeterar,
752 1362 878 1426 Emilio.
895 1382 925 1427 v.
940 1361 1105 1437 Damon,
1119 1360 1158 1423 G.

516 1467 662 1531 Historia
684 1470 814 1549 general
837 1470 929 1533 dela
955 1466 1144 1533 masoneria.

558 1577 747 1658 castellio,
766 1578 985 1643 Sebastianus.
1002 1598 1032 1641 v.
1056 1578 1163 1640 Tho·

515 1704 598 1748 mas
654 1685 851 1767 Kempisius.
902 1687 953 1749 De
1005 1685 1162 1750 imitando

514 1792 654 1857 Christo.

559 1901 686 1984 Casti,
732 1902 979 1967 Giamhattista.
1028 1900 1163 1966 Novelle

515 2028 639 2073 amene.
664 2011 761 2076 Decr.
785 2031 806 2073 2
830 2013 887 2075 r'ul.
911 2016 1002 2089 1804.

557 2147 604 2164 -
625 2117 677 2179 Gli
713 2118 841 2181 animali
867 2118 1022 2198 patiami,
1047 2137 1161 2197 poema

514 2224 607 2305 epico
629 2226 734 2289 diviso
761 2226 793 2289 in
820 2226 955 2289 ventisei
982 2226 1084 2301 canti;
1108 2246 1162 2305 ag·

514 2332 652 2411 giuntivi
676 2334 708 2397 in
743 2336 804 2398 fine
835 2346 965 2416 quattro
995 2334 1160 2417 apologhi.

516 2441 614 2506 Decr.
637 2447 678 2506 26
698 2463 777 2524 aug.
800 2449 897 2523 1805.

561 2550 802 2635 castiglione,
830 2553 1009 2617 Baldessar.
1042 2552 1068 2615 Il
1095 2571 1163 2615 cor·

517 2658 656 2736 tegiano.
682 2660 814 2738 Dccr.3
837 2662 894 2724 r'ul.
911 2666 1001 2726 1618.
1024 2662 1164 2723 Permit-

516 2768 603 2827 titur
624 2769 722 2829 editio
744 2773 855 2829 veneta
876 2769 1077 2847 annr‘1584.

561 2872 719 2942 castino
747 2873 998 2960 Sotomayor‚
1028 2874 1165 2937 Ioannes

516 2978 579 3043 del.
596 2980 646 3043 De
657 2981 759 3044 tertiis
776 2981 894 3045 debitis
906 2981 1073 3045 catholicis
1086 2982 1166 3063 regi·

516 3087 576 3150 bus
593 3088 767 3169 Hispaniae
782 3110 822 3153 ex
847 3089 1001 3154 fructibus
1016 3101 1048 3153 et
1071 3092 1166 3153 rebus

516 3198 673 3271 omnibus,
699 3217 782 3278 quae
805 3197 1013 3263 decimantur.
1031 3198 1166 3263 Dema

517 3310 614 3368 mart.
639 3310 728 3384 1646.

561 3413 684 3483 Canus
705 3411 921 3477 conscientiae
948 3411 1023 3498 (ad)
1046 3423 1166 3493 praete·

518 3521 582 3586 rito
616 3540 701 3584 anno
734 3538 968 3585 uoccnxxxvr
1003 3520 1166 3585 discussos

518 3628 768 3711 compendiosae
790 3629 1011 3694 resolutiones.
1037 3628 1164 3693 Pistoia.

521 3739 619 3802 Decr.
644 3756 683 3815 31
706 3743 803 3803 marl.
827 3743 917 3818 1788.

563 3845 685 3916 Casus
701 3844 841 3919 moralis,
855 3844 935 3907 Pisis
956 3848 1049 3907 1886.
1066 3843 1164 3907 Decr.

518 3951 554 4017 S.
584 3953 646 4034 Off.
670 3970 717 4031 15
738 3957 816 4032 sept.
841 3957 932 4016 1886.

566 4058 727 4142 [Catani
750 4059 928 4122 Francesco
953 4058 1112 4139 Saverio].
1136 4077 1164 4123 v.

520 4169 630 4249 Papa
653 4167 707 4249 (il)
729 4187 749 4230 o
772 4166 864 4229 siano
882 4166 1023 4230 ricerche
1039 4166 1090 4229 sul
1105 4166 1166 4246 pri·

521 4285 618 4339 mato.

565 4415 609 4431 -
624 4400 653 4445 v.
673 4381 880 4459 Progetto
899 4378 932 4440 di
948 4375 1165 4441 risormadell'

520 4488 653 4568 obbligo
677 4487 729 4549 del
751 4487 895 4566 digiuno.

564 4592 585 4640 *
612 4594 826 4676 catechesi,
860 4612 960 4658 ouero
995 4594 1167 4657 istruzione

520 4702 574 4766 del
603 4703 779 4767 christiano
809 4713 977 4782 composta
1008 4702 1051 4764 da
1079 4701 1166 4763 varie

521 4809 707 4874 distinzioni
741 4821 853 4873 cavate
883 4808 938 4871 dal
968 4808 1165 4872 catechismo

521 4937 668 4993 romano,
693 4918 746 4980 dal
770 4917 963 4980 Bellarmino
985 4937 1003 4979 e
1026 4917 1069 4979 da
1091 4915 1164 4979 altri

520 5025 637 5101 autori,
661 5045 722 5088 con
744 5025 858 5088 alcune
880 5024 969 5089 brevi
991 5036 1077 5088 note.
1102 5023 1166 5085 Do·

522 5153 577 5197 nec
598 5136 723 5213 corrig.
747 5133 846 5198 Decr.
869 5153 890 5213 4
911 5138 989 5215 sept.
1012 5136 1073 5196 168
1074 5149 1109 5211 5.

566 5238 779 5311 catechism
805 5240 856 5324 (a)
888 5240 938 5305 lor
971 5241 1065 5305 those
1095 5239 1166 5303 that

1228 1056 1283 1099 are
1309 1057 1399 1102 more
1427 1039 1595 1103 advanced
1625 1039 1658 1102 in
1687 1060 1781 1119 years
1811 1038 1876 1102 and

1228 1145 1428 1227 knowledge,
1450 1164 1542 1227 1724.
1561 1149 1657 1212 Decr.
1682 1150 1717 1213 S.
1746 1147 1809 1229 Off.
1835 1167 1876 1225 29

1228 1253 1290 1314 dec.
1314 1273 1403 1334 1734.

1272 1362 1503 1444 catechism,
1533 1384 1572 1427 or
1597 1364 1822 1443 abridgement
1845 1362 1882 1426 os

1225 1471 1379 1535 christian
1389 1473 1544 1547 doctrine,
1559 1490 1652 1551 1725.
1662 1472 1800 1537 Decr.S.
1813 1473 1875 1554 Off.

1230 1597 1250 1659 7
1272 1580 1334 1642 dec·
1359 1598 1448 1660 1734·

1275 1686 1510 1757 catechismo
1533 1707 1575 1751 ou
1598 1685 1717 1766 abrdge
1740 1687 1781 1751 de
1804 1688 1877 1750 doc·

1229 1792 1312 1855 trine
1328 1796 1483 1857 touchant
1505 1794 1536 1856 la
1551 1792 1647 1872 grace
1666 1795 1773 1857 divine
1788 1795 1876 1857 selon

1229 1900 1260 1962 la
1284 1901 1369 1965 bulle
1399 1900 1440 1965 de
1462 1902 1517 1966 Pie
1539 1903 1578 1976 V,
1603 1902 1762 1981 Gregoire
1784 1903 1874 1977 XIII,

1230 2009 1354 2073 Urhain
1370 2011 1475 2086 VIII.;
1500 2010 1648 2074 antidote
1670 2009 1727 2073 des
1751 2029 1877 2072 erreurs

1230 2117 1274 2179 du
1305 2129 1426 2200 temps,
1451 2139 1509 2200 par
1540 2139 1583 2182 un
1614 2118 1749 2182 docteur
1779 2119 1820 2180 de
1846 2118 1877 2180 la

1230 2246 1255 2290 s.
1272 2224 1434 2306 theologie
1449 2227 1491 2290 de
1507 2226 1623 2291 Douai.
1641 2227 1738 2290 Decr.
1755 2227 1791 2290 S.
1813 2226 1875 2307 Off.

1223 2333 1292 2412 ser.
1315 2336 1597 2415 V.60cl.165o.v.
1614 2332 1875 2410 L'Hermite,

1230 2444 1359 2509 Martin.

1274 2552 1512 2622 catechisme
1542 2549 1603 2636 (le)
1626 2552 1670 2614 du
1695 2571 1793 2630 genre
1823 2553 1876 2613 hu·

1231 2659 1399 2740 main,que
1410 2679 1487 2722 sous
1498 2660 1544 2722 les
1560 2659 1706 2738 auspices
1723 2658 1809 2720 dela
1827 2679 1878 2719 na-

1231 2780 1302 2830 ture
1316 2779 1349 2830 et
1365 2768 1406 2830 de
1421 2788 1480 2831 son
1503 2765 1657 2831 veritable
1679 2779 1801 2842 auteur,
1823 2766 1878 2847 qui

1232 2893 1283 2936 me
1298 2871 1378 2937 l'ont
1394 2871 1489 2948 dicte,
1498 2875 1532 2955 je
1545 2885 1627 2936 mets
1642 2892 1718 2936 sous
1733 2873 1779 2936 lea
1794 2894 1879 2952 yeux

1232 2991 1264 3043 et
1286 2981 1318 3043 la
1341 2981 1522 3061 protection
1546 2981 1586 3043 de
1611 2980 1642 3042 la
1665 2980 1776 3043 nation
1800 2980 1879 3041 sran-

1232 3087 1319 3171 poise
1340 3100 1373 3151 et
1397 3088 1438 3151 de
1453 3085 1605 3169 l’Europe
1619 3085 1762 3151 eclairee.
1780 3088 1877 3149 Decr.

1232 3202 1273 3260 28
1288 3203 1384 3263 morl.
1401 3216 1491 3277 1791.
1508 3218 1537 3262 v.
1562 3195 1755 3271 Boissel,
1781 3196 1878 3257 Fran·

1234 3304 1311 3387 pois.

1276 3409 1511 3481 catechistae
1526 3409 1567 3471 de
1582 3408 1613 3470 la
1635 3407 1763 3487 grace.
1779 3408 1877 3470 Decr.

1234 3517 1268 3582 S.
1298 3519 1360 3599 Off.
1377 3516 1447 3595 ser.
1481 3516 1516 3581 V.
1541 3516 1877 3597 6021.1650.0S.0ffi

1225 3624 1295 3703 scr.
1318 3625 1404 3703 1423
1417 3632 1490 3707 apr.
1508 3630 1602 3702 1654.
1619 3644 1648 3688 v.
1665 3622 1876 3703 Feydeau,

1234 3732 1402 3796 Matthieu.

1276 3838 1512 3911 catechisme
1526 3837 1565 3899 de
1576 3834 1878 3900 l’honrretehomme

1233 3969 1275 4011 ou
1299 3948 1451 4026 dialogus
1472 3956 1562 4009 entre
1585 3966 1627 4007 un
1644 3945 1771 4023 caloyer
1787 3956 1819 4006 et
1836 3964 1878 4006 un

1233 4056 1363 4119 homme
1397 4054 1438 4117 de
1472 4053 1546 4117 bien
1578 4052 1697 4115 traduit
1728 4051 1772 4112 du
1802 4070 1879 4128 grec

1234 4161 1388 4241 vulgaire.
1401 4161 1499 4225 Decr.
1516 4165 1537 4223 8
1554 4162 1611 4224 iul.
1625 4165 1685 4240 176
1687 4176 1727 4236 5.·
1734 4179 1763 4221 v.
1779 4158 1879 4221 Vol·

1234 4270 1368 4334 taire.

1276 4375 1513 4448 catechiame
1533 4376 1594 4459 (le)
1617 4375 1674 4437 des
1686 4371 1819 4456 jesuites
1836 4393 1878 4435 ou

1232 4506 1365 4550 examen
1401 4485 1443 4548 de
1480 4484 1550 4547 leur
1588 4482 1745 4547 doctrine.
1779 4482 1878 4544 Decr.

1233 4594 1268 4659 S.
1291 4595 1353 4677 Off.
1370 4600 1410 4658 16
1425 4611 1495 4657 nov.
1511 4598 1600 4656 1602.
1624 4613 1653 4655 v.
1677 4589 1877 4669 Pasquier,

1234 4679 1378 4765 trienne.

1277 4804 1512 4876 catechisme
1524 4813 1556 4867 et
1567 4803 1712 4884 symbole
1724 4798 1880 4864 resultant

1234 4915 1275 4977 de
1297 4915 1328 4977 la
1358 4912 1505 4977 doctrine
1536 4912 1592 4974 des
1621 4932 1675 4992 pp.
1707 4908 1878 4972 Hardouin

1233 5034 1266 5085 et
1289 5022 1456 5100 Berruyer.
1480 5019 1578 5082 Decr.
1602 5018 1637 5081 S.
1667 5017 1730 5100 Off.
1751 5016 1818 5096 scr.
1845 5015 1878 5080 V.

1233 5148 1272 5208 19
1285 5132 1343 5193 iul.
1355 5133 1449 5209 1764.·
1461 5145 1501 5203 13
1511 5145 1588 5205 aug.
1602 5131 1690 5205 1764.
1703 5145 1732 5189 v.
1748 5123 1879 5187 Gour-

1232 5237 1310 5315 irn,
1335 5214 1602 5299 rime-asenne.
