4309 6534
516 838 569 883 ΧΠ
1074 835 1289 882 PRAEFATIO.

517 1047 618 1122 libris
636 1046 804 1147 legendis
819 1046 1097 1144 retinendisque
1117 1049 1164 1123 sit
1178 1049 1396 1123 cavendum.
1414 1046 1535 1122 Aliter
1549 1063 1673 1122 tamen
1689 1047 1854 1123 Decreta

518 1190 706 1291 generalia
733 1190 817 1264 huic
844 1190 906 1263 fini
926 1191 1141 1280 inserviunt,
1169 1192 1276 1266 aliter
1303 1192 1384 1290 ipse
1411 1192 1537 1266 Index.
1568 1191 1665 1266 Nam
1688 1191 1855 1265 Decreta

518 1334 705 1435 generalia
733 1360 846 1431 quam
866 1334 1055 1433 plurimos,
1077 1350 1116 1409 et
1140 1337 1201 1410 vix
1229 1360 1302 1411 non
1322 1361 1453 1411 omnes
1472 1335 1603 1410 noxios
1623 1337 1855 1432 infectosque

519 1477 632 1552 libros
661 1477 868 1580 prohibent,
893 1503 1053 1575 quorum
1082 1494 1246 1554 ceterum
1274 1480 1383 1554 lectio
1411 1482 1492 1577 ipsa
1521 1495 1673 1554 naturae
1701 1478 1786 1577 lege
1815 1493 1856 1551 ut

519 1621 716 1718 plurimum
745 1635 908 1710 vetatur;
928 1620 1044 1695 Index
1066 1647 1157 1697 vero
1176 1622 1320 1697 illorum
1349 1639 1494 1720 partem
1520 1640 1674 1713 tantum,
1696 1647 1856 1720 eamque

521 1766 718 1853 minimam,
740 1781 909 1840 recenset
935 1782 1050 1864 atque
1079 1783 1195 1843 notat.
1216 1813 1242 1822 -
1271 1770 1444 1845 Decretis
1473 1768 1551 1843 sola
1570 1770 1747 1844 librorum
1774 1794 1857 1867 pra-

520 1933 652 1981 vorum
680 1933 818 2008 genera
846 1923 885 1982 et
917 1909 1068 1997 classes,
1099 1908 1222 1984 Indice
1259 1937 1350 1984 vero
1388 1910 1521 2009 singuli
1557 1911 1639 1985 libri
1673 1936 1857 2008 expresso

522 2055 701 2152 cuiusque
731 2057 837 2130 titulo
867 2057 979 2130 immo
1007 2072 1046 2130 et
1072 2056 1234 2131 auctoris
1263 2056 1410 2131 nomine
1439 2056 1731 2153 proscribuntur.

600 2203 658 2275 Ex
690 2226 767 2299 quo
800 2200 994 2301 intelliges
1025 2201 1229 2276 admodum
1266 2226 1390 2275 errare
1426 2228 1494 2276 eos
1530 2203 1594 2299 qui
1630 2200 1855 2288 existimant,

520 2368 668 2418 omnem
706 2344 963 2439 quaestionem
1001 2344 1048 2417 de
1084 2343 1186 2418 libris
1224 2344 1452 2440 improbatae
1489 2342 1656 2418 lectionis
1692 2368 1738 2417 ex
1777 2339 1859 2416 solo

522 2484 643 2559 Indice
681 2484 833 2571 definiri,
873 2487 980 2579 quasi
1017 2510 1065 2558 ex
1102 2484 1302 2557 innumeris
1345 2483 1532 2581 perversis
1569 2483 1860 2579 perniciosisque

522 2626 643 2711 libris,
683 2627 746 2723 qui
782 2650 852 2724 per
887 2626 1120 2702 saeculorum
1163 2652 1311 2700 cursum
1353 2628 1442 2701 editi
1485 2643 1590 2715 sunt,
1630 2627 1678 2700 illi
1715 2639 1860 2700 tantum

479 2809 483 2817 ·
523 2769 797 2866 prohibeantur,
828 2768 892 2866 qui
919 2794 987 2864 per
1014 2768 1214 2865 peculiaria
1241 2768 1391 2842 decreta
1419 2770 1592 2855 damnati,
1624 2769 1659 2842 in
1687 2766 1860 2865 catalogo

524 2910 699 2986 librorum
724 2911 994 3007 prohibitorum
1028 2926 1280 2986 recensentur.
1317 2911 1499 2985 Nimirum
1532 2928 1573 2985 ut
1600 2911 1679 2985 libri
1708 2910 1861 2984 alicuius

526 3053 635 3130 lectio
656 3052 754 3129 licita
781 3054 850 3129 dici
879 3071 961 3130 tuto
983 3055 1118 3153 possit,
1134 3056 1228 3130 haec
1247 3055 1323 3129 duo
1342 3071 1515 3131 constent
1533 3026 1699 3153 oportet:
1725 3054 1862 3129 scilicet

525 3225 648 3297 neque
676 3201 835 3275 adscribi
862 3202 897 3275 in
926 3202 1048 3276 Indice
1076 3200 1275 3275 vetitorum
1308 3201 1504 3287 librorum,
1535 3224 1657 3297 neque
1684 3196 1863 3273 contineri

526 3345 650 3442 aliqua
678 3346 796 3420 exiis
827 3346 1017 3433 classibus,
1047 3369 1146 3439 quae
1170 3369 1238 3441 per
1261 3344 1424 3419 Decreta
1451 3343 1640 3441 generalia
1664 3341 1861 3416 universim

526 3488 784 3586 improbantur
811 3503 876 3563 aut
902 3488 1136 3562 damnantur.

605 3632 741 3728 Liquet
768 3632 851 3706 hinc
884 3631 1064 3729 imprimis
1094 3632 1267 3727 quaesit
1301 3630 1432 3704 Indicis
1460 3628 1612 3725 propria
1639 3626 1795 3714 indoles,
1824 3642 1863 3700 et

525 3801 602 3873 quo
639 3775 687 3849 sit
723 3776 875 3850 consilio
912 3776 1146 3874 excogitatus
1184 3788 1223 3848 et
1255 3774 1505 3851 concinnatus.
1537 3753 1685 3845 Etenim
1714 3795 1788 3852 non
1816 3794 1863 3843 eo

525 3918 701 3995 librorum
721 3918 991 4016 prohibitorum
1011 3917 1206 4015 catalogus
1225 3916 1395 4015 pertinet,
1418 3930 1460 3989 ut
1478 3939 1609 3988 omnes
1633 3930 1672 3988 et
1696 3911 1863 4011 singulos

525 4064 656 4139 noxios
683 4061 797 4138 libros
826 4076 1030 4137 recenseat.
1060 4060 1175 4155 Quod
1204 4086 1325 4157 neque
1346 4060 1422 4133 fieri
1443 4084 1556 4156 posse
1584 4073 1698 4155 patet,
1727 4082 1861 4153 neque,

526 4209 557 4281 si
590 4209 838 4281 Decretorum
875 4205 1102 4304 generalium
1140 4203 1234 4278 ratio
1266 4203 1458 4290 habeatur,
1490 4200 1739 4276 necessarium
1777 4225 1863 4275 esse

526 4349 765 4447 dignoscitur.
788 4347 956 4421 Accedat
975 4373 1068 4445 ergo
1088 4362 1237 4443 oportet
1262 4346 1355 4419 ratio
1375 4345 1580 4442 peculiaris,
1604 4368 1669 4417 cur
1688 4368 1864 4417 romanae

528 4492 852 4591 Congregationes
879 4488 1011 4565 librum
1040 4491 1075 4563 in
1105 4490 1173 4564 illis
1202 4488 1393 4576 classibus
1425 4517 1519 4587 quas
1550 4490 1712 4563 Decreta
1748 4514 1866 4586 gene-

527 4633 615 4710 ralia
657 4648 867 4717 recensent,
907 4632 979 4707 iam
1017 4631 1213 4721 inclusum,
1254 4658 1321 4731 per
1358 4632 1518 4731 speciale
1555 4633 1745 4706 decretum
1782 4646 1866 4705 atro

528 4779 667 4854 calculo
695 4793 836 4854 notent.
858 4778 989 4851 Talem
1009 4778 1190 4852 rationem
1210 4778 1252 4851 iis
1272 4779 1453 4876 praebent
1480 4776 1699 4874 plerumque
1728 4775 1866 4849 denun-

528 4922 712 5009 tiationes
739 4922 874 5019 quibus
903 4921 980 4995 sive
1010 4920 1222 5018 Episcopus
1251 4920 1329 4993 sive
1356 4919 1449 4994 alius
1478 4918 1633 5016 quilibet
1660 4942 1788 4992 eorum
1818 4920 1866 4993 de

527 5067 662 5165 quibus
692 5064 920 5140 Constitutio
952 5063 1208 5139 ‹Officiorum
1235 5090 1279 5139 ac
1303 5088 1532 5138 munerum»
1560 5088 1618 5138 nn.
1645 5084 1703 5157 27,
1729 5066 1789 5150 28,
1813 5089 1861 5155 29

527 5210 621 5309 agit,
652 5206 785 5283 librum
813 5206 973 5304 aliquem
1003 5221 1181 5304 tanquam
1219 5207 1415 5282 exitiosum
1443 5206 1502 5280 vel
1539 5204 1788 5305 periculosum
1815 5208 1865 5281 ad
