4309 6534
911 816 982 873 Heu
999 849 1017 858 -
1034 816 1105 872 Hex
1638 828 1688 884 155

374 1029 597 1107 Henslerus,
618 1028 785 1092 lohannes.
803 1027 981 1108 Collegium
1010 1006 1013 1094 l
1041 1028 1118 1090 mini
1152 1029 1250 1091 variis
1284 1029 1605 1091 commentationibus
1638 1049 1694 1092 ex·

331 1135 666 1216 politico-iuridicum.
706 1136 803 1200 Decr.
841 1153 880 1213 31
914 1138 980 1201 aian.

333 1249 422 1308 2620.

375 1350 536 1417 Herbert
559 1349 607 1415 de
630 1351 838 1436 Cherbury,
863 1351 982 1413 Edoar·

333 1459 401 1521 dus.
434 1458 484 1519 De
514 1457 650 1520 veritate
684 1470 779 1538 prout
815 1458 981 1537 distingui·

331 1576 381 1627 tur
411 1586 430 1626 a
461 1565 671 1640 revelatione,
703 1587 722 1626 a
752 1564 934 1639 verisimili,
962 1587 981 1626 a

330 1671 474 1753 possibili
504 1683 537 1736 et
565 1694 584 1735 a
606 1672 695 1737 falso.
721 1674 817 1738 Decr.
842 1691 880 1749 19
902 1678 980 1754 sepi.

329 1786 416 1857 1633.

372 1920 417 1932 -
440 1886 490 1947 De
521 1885 674 1965 religione
701 1886 867 1965 gentilium
894 1906 982 1950 erro-

329 2014 464 2075 rumque
475 1993 562 2074 apud
574 2013 630 2056 eos
642 1994 756 2058 causis.
767 1995 980 2072 Decr.19iul.

329 2118 419 2181 1707.

372 2206 600 2290 Herbinlus,
617 2210 781 2274 lohannes.
799 2208 983 2289 Religiosae

330 2314 524 2397 kijovienses
536 2328 677 2396 cryptae,
689 2317 757 2379 sive
770 2316 899 2398 Kijovia
910 2318 982 2379 sub

332 2434 475 2485 terranea
498 2436 530 2486 et
552 2436 699 2487 emortua
714 2446 733 2486 a
749 2424 907 2487 sexcentis
929 2446 982 2486 an·

333 2529 382 2592 nis
405 2530 551 2594 divorum
575 2543 671 2612 atque
694 2532 826 2595 heroum
846 2532 983 2595 Graeco

333 2637 554 2700 Ruthenorum
588 2650 621 2702 et
655 2639 792 2701 necdum
830 2652 982 2721 corrupta

331 2763 475 2824 corpora.
500 2747 597 2810 Decr.
620 2766 661 2823 ²3
683 2752 780 2810 mari.
804 2753 892 2827 1677.

376 2852 567 2934 [Herburu
576 2855 711 2916 loannes
720 2853 837 2935 Felix].
846 2876 875 2919 v.
889 2854 982 2917 Cou-

330 2958 471 3021 silium
504 2961 617 3023 datum
648 2961 753 3023 amico
784 2960 824 3023 de
851 2981 980 3041 recupe-

330 3066 430 3128 randa
454 3088 533 3147 pace
555 3069 645 3148 regni
666 3069 826 3134 Poloniae.

374 3173 602 3254 Herculano,
622 3174 815 3239 Alexandre.
839 3175 981 3237 Estudos

329 3282 424 3342 sobre
436 3302 457 3343 ο
472 3295 654 3344 casamento
670 3282 743 3346 civil
760 3303 819 3362 por
834 3283 981 3345 occasiio

330 3386 374 3447 do
389 3387 546 3466 opusculo
561 3388 605 3449 do
624 3408 666 3452 sr.
684 3388 837 3450 visconde
853 3388 894 3450 de
908 3387 982 3450 Sea·

329 3494 387 3556 bra
409 3496 504 3557 sobre
525 3506 594 3558 este
623 3508 797 3577 assumpto.
821 3496 918 3560 Decr.
942 3514 982 3575 17

329 3601 391 3664 dec.
415 3606 504 3666 2866.

373 3706 645 3788 Herdesianus,
662 3707 825 3788 Cyriacus.
846 3709 897 3770 De
911 3728 980 3788 per·

330 3814 412 3877 iurio
426 3815 558 3896 eiusque
575 3816 759 3880 differentiis
774 3828 806 3878 et
816 3816 981 3879 effectibus

330 3921 487 4002 repetitio,
513 3924 563 3986 cui
587 3925 737 3987 adiuncta
760 3936 810 3988 est
834 3924 875 3986 de
898 3923 981 4005 prin·

330 4028 423 4109 cipali
456 4030 487 4092 in
518 4032 665 4094 subditos
696 4051 871 4113 eorumque
897 4032 982 4094 bona

330 4149 361 4198 et
373 4137 598 4200 conscientiam
612 4150 773 4218 potestate
785 4138 980 4202 dissertatio.

331 4242 428 4307 Decr.
452 4263 492 4320 29
513 4251 568 4310 oct.
594 4251 688 4323 2625.

375 4352 583 4432 Hermann,
607 4354 739 4433 Joseph.
764 4354 983 4431 Betrachtung

330 4461 409 4522 siber
438 4459 496 4521 das
520 4459 693 4522 Schreiben
721 4461 779 4523 des
810 4462 842 4526 P.
868 4460 914 4522 Pii
937 4462 982 4522 VI

330 4588 371 4629 an
394 4566 456 4628 den
472 4566 697 4631 Ffirstbischos
706 4588 770 4630 von
787 4568 982 4647 Freysingen

331 4695 405 4737 vom
438 4692 486 4750 13.
518 4687 580 4737 oct.
617 4680 699 4751 1786
730 4675 789 4737 mit
820 4676 983 4739 teutscher

332 4780 611 4861 Freymiithigkeit
629 4781 809 4846 entworlen.
828 4782 924 4848 Decr.
946 4801 984 4860 31

332 4896 429 4955 mart.
453 4895 542 4971 1788.

377 5000 633 5078 Hermannus,
646 4999 780 5060 Ioannes
792 4998 982 5065 Gottlridus.

333 5106 478 5168 Historia
512 5106 785 5169 concertationum
828 5105 869 5168 de
902 5127 984 5186 pane

333 5233 447 5293 azymo
469 5224 502 5275 et
524 5212 713 5276 sermentato
742 5212 775 5276 in
798 5233 896 5276 coena
919 5213 984 5276 Do

1041 1137 1179 1215 planata.
1205 1135 1379 1199 Subiuncta
1401 1148 1451 1199 est
1472 1137 1580 1216 graeci
1604 1138 1693 1201 theo

1039 1244 1107 1323 logi
1130 1243 1172 1305 de
1194 1244 1323 1306 Christo
1345 1245 1464 1324 pascha
1487 1265 1578 1306 suum
1603 1265 1693 1325 prae·

1041 1363 1164 1414 mature
1193 1365 1291 1433 atque
1325 1352 1357 1414 in
1388 1373 1470 1432 pane
1503 1352 1692 1416 sermentato

1039 1459 1219 1521 celebrante
1234 1459 1419 1521 dissertatio
1441 1481 1460 1522 a
1484 1459 1637 1539 theologo
1651 1459 1693 1521 la·

1041 1567 1108 1629 tino
1124 1567 1276 1629 censoriis
1292 1567 1377 1630 notis
1398 1566 1575 1646 dispuncta.
1595 1568 1691 1632 Decr.

1039 1692 1085 1752 15
1108 1694 1177 1737 nov.
1202 1692 1290 1754 1740.

1083 1782 1291 1861 †HermeS,
1314 1782 1434 1860 Georg.
1460 1781 1645 1860 Einleitung
1660 1781 1691 1844 in

1040 1888 1093 1949 die
1104 1887 1600 1967 christkatholischeTheologie.
1613 1887 1693 1949 Bre-

1039 1998 1076 2056 vi
1095 1993 1196 2074 Greg.
1214 1995 1252 2055 X
1258 1995 1309 2059 VI.
1324 2001 1365 2057 26
1379 2001 1457 2076 sept.
1470 2000 1531 2073 183
1531 2012 1556 2073 5
1563 2018 1578 2065 ,·
1593 1995 1692 2060 Dm.

1041 2105 1149 2181 7ian.
1170 2107 1258 2179 1836.

1084 2211 1160 2289 —†
1175 2209 1486 2273 Christkatholische
1502 2209 1692 2289 Dogmatik,

1041 2317 1122 2379 nach
1132 2316 1247 2378 dessen
1255 2317 1346 2378 Tode
1358 2317 1619 2396 herausgegeben
1630 2334 1694 2377 von

1039 2427 1067 2505 J.
1078 2425 1121 2488 H.
1132 2423 1341 2487 Achterleldt.
1359 2425 1463 2486 Brevi
1481 2424 1583 2503 (ἶνις.
1596 2422 1693 2487 XVI.

1040 2537 1080 2593 26
1094 2537 1172 2612 sept.
1189 2535 1249 2608 183
1249 2549 1274 2609 5
1281 2554 1296 2600 ,·
1313 2531 1410 2595 Decr.
1427 2548 1447 2610 7
1462 2534 1528 2595 ian.
1545 2535 1634 2608 1836.

1086 2638 1259 2706 Hermile
1274 2635 1327 2723 (l’)
1350 2659 1389 2700 en
1413 2638 1513 2714 ltalie,
1529 2658 1571 2700 ou
1587 2640 1694 2701 obser-

1041 2748 1167 2810 vations
1197 2767 1252 2808 sur
1286 2747 1332 2808 les
1366 2767 1486 2809 moeurs
1517 2758 1550 2809 et
1576 2766 1693 2826 usages

1041 2855 1098 2916 des
1122 2854 1251 2916 Italiens
1282 2874 1322 2916 au
1345 2865 1617 2916 commencement
1648 2852 1693 2915 du

1040 2971 1118 3025 x1x⁰
1144 2958 1256 3035 siecle,
1285 2961 1399 3025 laisant
1426 2960 1508 3023 suite
1534 2958 1554 3022 a
1576 2960 1607 3022 la
1630 2959 1694 3023 col·

969 3126 974 3131 .
1039 3069 1156 3131 lection
1181 3069 1238 3130 des
1261 3088 1381 3131 moeurs
1396 3067 1567 3150 franpaises
1590 3066 1632 3128 de
1647 3068 1691 3132 M.

1041 3174 1082 3236 de
1102 3177 1196 3254 Jouy.
1222 3174 1319 3239 Decr.
1343 3193 1383 3234 11
1405 3174 1467 3237 dec.
1492 3178 1581 3237 2826.

1086 3279 1294 3369 [Hermus
1309 3278 1445 3367 Scipio].
1470 3302 1499 3344 v.
1524 3279 1693 3359 Aquili-

1040 3390 1151 3464 nius,
1176 3388 1302 3452 Caesar.
1328 3389 1378 3450 De
1405 3388 1507 3451 tribus
1531 3387 1693 3451 historicis

1040 3497 1164 3561 concilii
1188 3494 1362 3560 tridentini.

1084 3603 1262 3683 HertiuS,
1283 3604 1416 3665 loannes
1435 3602 1597 3666 Nicolaus.
1622 3601 1694 3664 Dis·

1039 3711 1172 3775 sertatio
1208 3710 1285 3773 iuris
1318 3710 1438 3791 publici
1474 3710 1515 3772 de
1548 3709 1692 3773 iactitata

1039 3819 1139 3899 vulgo
1161 3819 1284 3881 ordinis
1310 3818 1523 3881 cisterciensis
1545 3818 1693 3882 libertate

1039 3948 1077 3989 ac
1110 3926 1314 4005 exemptione
1348 3947 1367 3988 a
1401 3924 1627 4005 superioritate
1659 3935 1693 3988 et

1040 4033 1210 4096 advocatia
1234 4032 1399 4112 regionum
1425 4032 1457 4094 in
1481 4053 1506 4097 s.
1532 4053 1557 4096 r.
1581 4052 1614 4111 g.
1639 4011 1694 4094 im·

1040 4142 1130 4220 perio
1163 4141 1384 4215 dominorum;
1417 4162 1512 4221 quam
1547 4139 1695 4220 praeside

1042 4250 1095 4313 dn.
1113 4249 1159 4313 Io.
1176 4247 1311 4310 Nicolao
1325 4248 1441 4310 Hertio
1463 4246 1609 4327 publicae
1628 4246 1695 4338 dis·

1042 4354 1206 4435 quisitioni
1237 4355 1366 4417 subiicit
1389 4365 1501 4416 auctor
1528 4374 1695 4435 responsu·

1042 4481 1097 4524 rus
1124 4461 1315 4539 Georgius
1346 4460 1535 4524 Henricus
1561 4460 1695 4542 Wege·

1041 4569 1156 4633 linus.
1181 4569 1278 4633 Decr.
1302 4586 1341 4646 19
1363 4573 1442 4649 sept.
1466 4586 1555 4648 1712.

1086 4675 1291 4756 HeumiuS,
1315 4676 1432 4740 Iustus.
1456 4676 1507 4737 De
1533 4675 1694 4755 legatione

1040 4784 1225 4863 evangelica
1247 4784 1289 4846 ad
1306 4784 1404 4846 Indos
1420 4784 1617 4863 capessenda
1638 4784 1694 4847 ad·

1043 4892 1187 4957 monitio.
1213 4893 1310 4957 Decr.
1334 4911 1354 4972 7
1378 4895 1442 4957 ian.
1467 4898 1555 4972 2627.

1088 4996 1498 5085 [Hevenesi,uabrie1].
1529 5020 1559 5064 v.
1586 4996 1695 5062 Cura

1041 5106 1164 5172 salutis.

1086 5215 1335 5283 Hexameron
1350 5214 1502 5295 rustique,
1519 5232 1562 5276 ou
1583 5213 1630 5276 les
1644 5210 1695 5275 six
