4309 6534
907 824 975 884 Reu
993 861 1010 870 ·
1028 826 1087 885 me
1623 828 1674 883 161

305 1039 400 1117 giane
411 1034 465 1117 pil
474 1037 600 1102 celebri.
610 1039 707 1103 Decr.
716 1057 757 1119 a7
766 1044 862 1103 mart.
872 1044 960 1116 1669.

305 1166 335 1208 v.
361 1144 641 1220 Pallavicino,
666 1145 827 1210 Ferrante.

350 1254 596 1332 ReusneruS,
630 1252 727 1317 Elias.
774 1253 962 1332 Ephemeris

307 1358 374 1421 sive
397 1358 533 1420 diarium
557 1359 744 1423 historicum
769 1359 801 1422 in
824 1380 890 1442 quo
912 1374 961 1423 est

307 1466 445 1545 epitome
468 1466 610 1530 omnium
637 1468 790 1530 fastorum
813 1481 846 1532 et
868 1487 961 1529 anna·

1065 1037 1387 1119 Revius,1acobus.
1411 1037 1555 1100 Historia
1578 1037 1680 1117 ponti·

1021 1145 1116 1208 ficum
1134 1164 1336 1209 romanorum
1356 1157 1519 1209 contracta
1543 1156 1575 1207 et
1598 1164 1683 1207 com·

1021 1251 1139 1331 pendio
1174 1252 1327 1332 perducta
1361 1271 1464 1333 usque
1494 1251 1536 1313 ad
1563 1271 1681 1313 anuum

1020 1378 1114 1421 aerae
1125 1359 1383 1426 christianaeclo
1392 1359 1428 1424 Is
1436 1375 1569 1422 cxxxn.
1584 1358 1680 1423 Decr.

1019 1466 1243 1544 8iun.1649.

306 1573 382 1634 lium
408 1585 472 1636 tam
503 1593 666 1637 sacrorum
692 1594 789 1656 quam
819 1575 963 1655 prolano
1066 1573 1322 1641 Revolutione
1337 1574 1408 1654 (de)
1423 1574 1600 1635 animarum
1626 1572 1682 1635 hu·

307 1701 377 1743 rurn
399 1681 550 1760 auspiciis
572 1681 696 1744 Nicolai
723 1682 879 1745 Reusneri
902 1682 963 1744 ela·
1024 1700 1199 1754 manarum,
1217 1695 1336 1762 quanta
1353 1681 1394 1744 sit
1411 1681 1502 1743 istius
1518 1678 1682 1743 doctrinae

306 1791 452 1851 boratum
476 1801 509 1853 et
532 1805 804 1865 consummatum,
829 1790 963 1853 acoessit
1026 1807 1098 1848 cum
1134 1788 1269 1851 veritate
1294 1787 1485 1850 christianae
1520 1786 1682 1866 religionis

306 1909 399 1960 vetus
421 1896 635 1959 calendarium
659 1918 722 1961 non
753 1898 851 1960 modo
874 1917 963 1977 grae
1021 1894 1243 1969 conformitas;
1267 1895 1499 1974 problematum
1520 1892 1680 1957 centuriae

305 2024 388 2079 cum,
412 2005 525 2068 sedet
549 2025 714 2068 romanum
738 2006 871 2087 triplex,
900 2025 962 2067 una
1022 2002 1105 2063 duae
1120 2002 1230 2065 lectori
1246 2003 1393 2065 modesto
1406 2003 1551 2065 modeste
1566 2019 1681 2081 propo
1740 1987 1743 1996 ’

307 2132 378 2174 cum
402 2111 472 2174 aliis
495 2113 689 2193 quibusdam
704 2112 846 2175 eiusdem
869 2131 963 2191 argu·
1022 2108 1103 2171 sitae
1115 2121 1147 2172 et
1158 2109 1315 2172 latinitate
1327 2110 1465 2173 donatae
1477 2109 1564 2172 iuxta
1579 2127 1683 2171 exem-

306 2219 404 2280 menti
426 2219 587 2283 analectis.
613 2219 710 2283 0111.
726 2237 767 2298 17
786 2240 857 2283 nov.
874 2224 961 2282 1601.
1023 2217 1092 2295 plar
1111 2216 1314 2294 anglicanum
1336 2215 1474 2279 Londini
1492 2234 1576 2277 anno
1599 2218 1683 2292 1684

351 2361 395 2374 -
418 2325 796 2407 Stratagematographia
814 2326 882 2388 sive
898 2325 964 2388 the·
1026 2322 1228 2402 impressum.
1258 2323 1355 2386 Decr.
1388 2323 1422 2386 S.
1456 2321 1519 2403 Off.
1545 2338 1592 2400 15
1613 2321 1682 2384 iun.

308 2454 421 2495 saurus
454 2432 613 2507 bellicus,
648 2434 766 2495 docens
801 2433 964 2513 quomodo
1023 2446 1112 2509 1707.
1141 2449 1171 2493 v.
1201 2429 1288 2491 Van
1319 2429 1532 2503 Helmont,
1559 2427 1683 2489 Franci·

308 2540 389 2602 bella
413 2539 495 2601 iuste
516 2553 548 2601 et
571 2538 713 2617 legitime
734 2539 862 2619 suscipi,
880 2552 965 2603 recte

307 2660 340 2708 et
364 2646 537 2725 prudenter
555 2645 779 2720 administrari,
796 2647 965 2709 commode

307 2765 339 2816 et
363 2752 521 2831 sapienter
551 2751 663 2814 confici
695 2751 841 2816 debeant.
867 2752 963 2817 Decr.

308 2864 347 2921 16
369 2878 438 2921 nov.
462 2864 551 2934 1623.

350 2949 593 3044 Reusne'ms
624 2965 786 3030 nicolaus.
812 2964 965 3031 consuis

306 3093 377 3135 rum
408 3074 475 3134 sive
505 3091 728 3152 responsorum
759 3073 908 3136 volumen
932 3092 962 3149 1,

307 3197 345 3252 11,
371 3198 421 3242 111.
446 3179 544 3241 Dect.
568 3179 603 3243 S.
625 3178 689 3259 Off.
713 3197 753 3239 11
776 3182 835 3243 iul.
862 3188 949 3257 1603.

351 3288 488 3364 Reuss»,
516 3262 680 3349 lidouard.
705 3286 750 3346 La
774 3286 876 3361 bible,
901 3301 965 3349 tra-

308 3393 439 3455 duction
463 3393 608 3455 nouvelle
630 3412 708 3454 avec
731 3392 965 3456 introductions

306 3513 339 3561 et
355 3500 608 3562 commentaires.
626 3500 724 3561 Decr.
737 3517 774 3574 30
788 3502 856 3563 iun.
874 3505 963 3580 1879.

351 3605 587 3686 Reveillaud
599 3603 740 3685 Eugene.
754 3606 799 3666 La
817 3608 966 3688 question

308 3714 476 3793 religieuse
498 3728 530 3777 et
545 3713 576 3775 la
592 3713 732 3776 solution
755 3726 964 3791 protestante.

309 3822 406 3886 Decr.
430 3840 449 3881 1
473 3822 532 3885 iul.
556 3826 646 3901 1878.

353 3927 554 3995 Revelatio
574 3929 788 4005 consiliorum,
806 3950 889 4011 quae
912 3929 967 3991 ini·

309 4036 355 4098 tio
378 4035 493 4115 synodi
516 4035 708 4098 tridentinae
739 4038 821 4100 inter
843 4036 966 4116 pontifi·

308 4162 387 4217 cem,
412 4162 591 4217 caesarem,
619 4156 826 4225 caeterosque
856 4164 966 4222 reges,

310 4249 468 4329 principes
483 4263 516 4312 et
531 4263 634 4313 status
653 4250 833 4329 pontificios
856 4262 966 4313 contra

308 4376 401 4418 veros
414 4369 447 4419 et
459 4355 577 4419 liberos
589 4357 676 4419 orbis
688 4356 852 4419 christiani
864 4377 966 4435 reges,

310 4463 469 4542 principes
484 4477 516 4525 et
532 4464 659 4525 ordines
675 4478 749 4527 sunt
765 4464 852 4528 inita.
870 4464 967 4527 Decr.

312 4588 349 4645 30
373 4573 441 4633 iun.
466 4576 555 4634 1621.

355 4675 539 4745 Revision
563 4678 607 4738 du
629 4676 752 4751 concile·
777 4678 818 4739 de
840 4679 965 4747 Trente.

309 4798 479 4846 contenant
515 4784 560 4846 les
584 4783 711 4846 nullitez
736 4783 890 4865 d’iceluy,
923 4784 968 4846 les

311 4892 408 4969 griels
432 4892 489 4952 des
505 4892 570 4954 rois
586 4905 619 4953 et
634 4892 759 4972 princes
782 4891 965 4961 chrestiens,

311 4997 352 5059 de
363 4996 485 5077 l'eglise
501 5000 656 5077 gallicane
670 5013 702 5061 et
717 5010 824 5061 autres
836 4997 968 5060 catholi-

311 5125 401 5186 ques.
412 5105 629 5187 Decr.S.0ff.
638 5109 754 5169 1611111.
764 5110 967 5185 1603‚·aapr.

311 5217 400 5277 1618.
424 5234 453 5277 v.
479 5214 686 5289 Ranchin‚
710 5212 901 5277 Guillaume.

1023 2556 1097 2598 scus
1119 2537 1305 2600 Mercurius.

1068 2643 1203 2709 Revue
1227 2644 1352 2723 spirite,
1381 2643 1510 2725 journal
1537 2640 1683 2704 d’dtudos

1024 2751 1302 2832 psychologiques
1332 2749 1441 2831 puhlie
1470 2770 1548 2813 sous
1575 2750 1606 2811 la
1633 2746 1684 2810 di-

1026 2858 1149 2921 rection
1184 2859 1226 2919 de
1260 2880 1303 2922 m.
1335 2857 1462 2920 Allan
1502 2856 1682 2919 Kardec.

1030 2965 1129 3028 Decr.
1154 2965 1188 3028 S.
1217 2965 1282 3046 Off.
1305 2984 1345 3027 ao
1366 2971 1439 3045 apr.
1464 2968 1554 3041 1864.

1069 3074 1203 3140 Revue
1219 3071 1435 3151 spiritualiste,
1449 3070 1577 3153 journal
1599 3089 1684 3131 meu·

1024 3178 1101 3252 suel,
1126 3176 1238 3257 redige
1260 3199 1318 3258 par
1342 3199 1402 3240 une
1418 3175 1536 3240 societ&
1559 3178 1601 3240 de
1621 3176 1684 3256 spi·

1024 3286 1196 3348 ritualistes
1218 3300 1250 3348 et
1274 3284 1382 3365 public
1404 3306 1461 3365 par
1488 3286 1567 3364 Z.-J.
1596 3283 1684 3345 Pie·

1025 3407 1130 3457 rart.
1156 3393 1253 3456 Decr.
1279 3392 1313 3456 S.
1342 3391 1405 3473 Off.
1433 3411 1473 3454 ao
1495 3398 1568 3472 apr.
1592 3393 1681 3467 1864.

1070 3497 1091 3543 *
1106 3502 1340 3584 Reyberger,
1363 3499 1523 3561 Antonius
1538 3496 1682 3560 Carolus.

1025 3607 1244 3670 Institutiones
1265 3607 1389 3669 ethicae
1409 3605 1609 3678 christianae,
1626 3622 1682 3665 seu

1026 3714 1208 3794 theologiae
1224 3715 1353 3777 moralis
1369 3714 1478 3776 usibus
1493 3709 1684 3774 academicis

1025 3823 1295 3885 accommodatae.
1315 3822 1424 3883 Donec
1444 3823 1567 3900 corrig.
1585 3819 1683 3881 Decr.

1027 3948 1068 4010 27
1091 3951 1162 3994 rrov.
1187 3934 1277 3993 1816.

1070 4036 1271 4123 Reynaud,
1287 4038 1373 4117 Jean.
1391 4035 1596 4115 Philosophie
1611 4036 1684 4099 reli·

1026 4146 1155 4224 gieuse;
1180 4158 1264 4207 terre
1285 4157 1318 4209 et
1340 4144 1410 4206 ciel.
1435 4147 1532 4208 Decr.
1557 4145 1681 4220 19611.

1027 4257 1122 4329 1865.

1070 4358 1165 4426 Rlea
1198 4379 1226 4443 y
1256 4359 1437 4442 Aguilar,
1469 4358 1597 4422 Manuel
1631 4358 1682 4423 de.

1027 4466 1065 4527 El
1088 4466 1293 4545 gobernador
1307 4466 1427 4528 vicario
1454 4466 1583 4545 general
1604 4466 1683 4528 ecle

1027 4573 1155 4635 siastico
1178 4573 1220 4634 de
1241 4572 1272 4634 la
1295 4573 1432 4635 diocesis
1455 4573 1496 4634 de
1519 4573 1684 4651 Zaragoza

1026 4679 1057 4740 al
1080 4679 1248 4742 venerable
1277 4680 1362 4741 clero
1385 4703 1406 4759 y
1429 4680 1515 4741 fieles
1543 4694 1604 4744 etc.
1629 4680 1685 4740 Za·

1026 4807 1144 4865 ragoza
1161 4796 1193 4849 1⁰
1204 4788 1245 4848 de
1253 4806 1348 4867 mayo
1360 4793 1454 4865 1841.
1465 4786 1561 4850 Decr.
1571 4787 1606 4851 S.
1620 4785 1684 4867 Off.

1028 4897 1067 4955 18
1089 4913 1167 4972 aug.
1192 4898 1281 4971 1841.

1072 5000 1181 5080 [Rica
1206 5020 1234 5084 y
1261 4999 1439 5083 Agullar,
1462 5000 1589 5063 Manuel
1617 4999 1682 5080 de].

1026 5128 1055 5170 v.
1082 5105 1279 5169 Circular
1302 5107 1354 5169 del
1377 5108 1589 5187 gobernador.

1070 5211 1303 5295 Riccamati,
1341 5214 1504 5295 Giacopo.
1532 5212 1682 5292 Dialogo,
