4309 6534
391 756 432 822 28
958 768 1174 819 cousrrrvrro

391 987 460 1051 ros,
480 970 569 1034 uiuit
587 972 679 1050 odtb,
698 970 761 1034 sed
786 968 887 1034 omm‘
908 970 1064 1033 humano
1091 970 1216 1051 afflatu
1237 964 1451 1048 posthabito,
1469 963 1542 1029 Dei
1557 965 1743 1029 dumtaxat

299 1071 301 1075 ¹
386 1104 542 1187 gloriam
562 1111 791 1186 spectaturos,
809 1110 844 1169 et
852 1104 977 1187 fidelis
991 1102 1122 1185 populi
1138 1101 1328 1167 utilitatem.
1343 1099 1408 1164 His
1420 1118 1527 1183 porro
1546 1099 1741 1180 virtutibus,

389 1241 563 1323 animique
584 1241 740 1323 dotibus,
762 1241 792 1305 si
812 1258 882 1305 non
910 1239 1050 1320 maiori,
1072 1248 1109 1302 at
1129 1237 1206 1320 pari
1233 1246 1328 1302 certe
1349 1236 1393 1301 de
1417 1252 1543 1316 causa,
1564 1244 1742 1317 praestare

390 1383 526 1456 oportet
547 1373 651 1438 huius
671 1383 812 1438 nostrae
833 1371 1123 1456 Congregationis
1144 1372 1325 1454 revisores,
1348 1380 1382 1436 et
1403 1372 1633 1436 consultores
1647 1367 1743 1433 Cum·

391 1524 458 1587 que
479 1523 539 1569 eos
560 1523 690 1587 omneS,
712 1506 771 1588 qui
791 1523 884 1570 nunc
904 1505 1103 1571 huiusmodi
1122 1524 1269 1571 munera
1288 1504 1453 1586 obtinent,
1476 1505 1565 1569 tales
1579 1520 1658 1568 esse
1675 1520 1742 1567 non

389 1641 607 1723 ignoremus;
632 1642 841 1723 optandum,
866 1643 1146 1725 sperandumque
1177 1650 1249 1723 est,
1277 1660 1348 1706 non
1378 1640 1554 1706 absimiles
1581 1638 1743 1719 deinceps

390 1772 533 1853 futuros,
554 1773 614 1856 qui
640 1773 686 1837 ad
712 1773 748 1836 id
776 1774 964 1858 eligentur;
985 1774 1144 1840 homines
1171 1774 1336 1840 nimirum
1362 1773 1456 1838 vitae
1482 1773 1651 1856 integros,
1671 1786 1742 1853 pro

388 1907 490 1971 batae
511 1908 698 1989 doctrinae,
720 1917 858 1973 maturo
878 1877 1018 1990 iudicio,
1035 1910 1238 1991 incorrupto
1259 1910 1395 1990 affectu,
1412 1907 1458 1971 ab
1478 1906 1574 1971 omni
1593 1903 1742 1988 partium

389 2042 512 2124 studi0‚
533 2061 831 2126 personarumque
844 2045 1047 2127 acceptione
1061 2045 1209 2126 alienos;
1231 2044 1290 2126 qui
1303 2043 1524 2127 aequitatem,
1538 2042 1743 2106 libertatem·

389 2196 456 2260 que
482 2178 676 2261 iudicandi,
702 2199 783 2245 curn
807 2180 1010 2262 prudentia,
1039 2190 1074 2245 et
1106 2179 1263 2245 veritatis
1293 2182 1369 2244 zelo
1401 2178 1626 2261 coniungant.
1657 2175 1742 2240 Cum

389 2325 507 2382 autem
528 2335 649 2381 eorum
670 2307 836 2383 numerus
863 2336 957 2383 nunc
977 2327 1104 2400 certus
1127 2327 1161 2382 et
1186 2316 1395 2382 constitutus
1421 2334 1492 2381 non
1516 2313 1575 2396 sit,
1595 2315 1642 2378 ab
1663 2312 1743 2378 eius

389 2450 469 2516 dem
489 2452 779 2537 Congregationis
800 2452 1041 2517 Cardinalibus
1062 2453 1244 2518 consilium
1268 2450 1539 2534 expectabimus
1564 2456 1671 2531 atque
1694 2465 1743 2512 ca·

389 2586 532 2669 piemuS,
554 2606 639 2652 num
660 2606 824 2669 cumpro
845 2587 970 2651 suturis
990 2587 1204 2670 temporibus
1225 2585 1367 2651 definire
1388 2593 1558 2668 oporteat,
1575 2584 1634 2648 vel
1649 2600 1743 2665 expe

390 2718 477 2783 diat:
502 2721 568 2785 hoc
596 2729 714 2786 tamen
741 2720 811 2785 iam
838 2740 931 2786 nunc
959 2722 1205 2804 decernenteS,
1231 2729 1402 2805 quatenus
1429 2737 1552 2785 eorum
1579 2736 1743 2785 numerus

390 2852 592 2934 definiatur,
613 2863 653 2919 ut
681 2864 754 2919 tam
780 2857 968 2937 relatoreS,
993 2876 1099 2940 quam
1127 2864 1363 2938 consultoreS,
1386 2875 1430 2921 ex
1457 2865 1608 2939 utroque
1636 2859 1741 2936 clero,

390 2990 540 3054 seculari
560 3009 704 3074 nempe,
726 3001 762 3056 et
781 2993 953 3075 regulari,
975 3002 1217 3074 assumantur,
1240 2992 1298 3056 alii
1325 2991 1464 3074 quidem
1491 2990 1668 3074 theologi,
1689 2986 1743 3053 alii

391 3124 570 3207 utriusque
590 3126 675 3191 iuris
695 3127 815 3209 periti,
846 3127 905 3190 alii
925 3146 1044 3209 sacra,
1073 3138 1108 3192 et
1129 3128 1273 3210 profana
1301 3125 1493 3191 eruditione
1517 3132 1742 3207 praestantes,

391 3265 430 3322 ut
450 3277 495 3323 ex
516 3277 637 3324 eorum
658 3268 760 3325 coetu
801 3279 864 3343 pro
886 3260 1054 3325 varietate
1075 3262 1262 3342 librorum,
1284 3260 1343 3343 qui
1362 3260 1408 3324 ad
1428 3258 1744 3344 Congregationem

391 3393 602 3477 deferuntur,
617 3395 732 3462 idonei
755 3397 822 3461 viri
847 3416 918 3464 non
939 3398 1052 3462 desint
1075 3399 1121 3462 ad
1146 3398 1327 3463 serendum
1354 3397 1398 3462 de
1425 3415 1637 3480 unoquoque
1663 3396 1744 3463 iudi·

393 3528 495 3594 cium.

470 3665 488 3744 §
512 3666 557 3729 14.
580 3665 676 3747 Ipsos
696 3674 814 3731 autem
835 3669 1013 3748 relatores,
1036 3670 1330 3751 consultoresque,
1353 3677 1425 3733 tam
1438 3686 1532 3733 nunc
1547 3669 1743 3750 existentes

392 3814 497 3877 quam
516 3797 553 3863 in
572 3808 752 3881 posterum
772 3801 1062 3884 quandocumque
1084 3803 1226 3883 futuros
1249 3821 1440 3883 monemus
1462 3821 1505 3867 ac
1520 3804 1746 3870 vehementer

392 3930 581 4013 hortamur,
603 3933 698 3997 utin
719 3935 887 4016 examine,
901 3935 1097 4018 iudicioque
1118 3937 1293 4019 librorum,
1315 3945 1501 4019 sequentes
1521 3938 1666 4021 regulas
1679 3935 1745 4002 dili·

391 4036 515 4147 genter
535 4066 727 4148 inspiciant,
748 4078 982 4151 accurateque
998 4070 1205 4135 custodiant.

470 4204 488 4282 §
511 4204 556 4267 15.
578 4203 602 4267 I.
623 4204 852 4287 Meminerint,
874 4224 944 4270 non
964 4206 999 4270 id
1020 4206 1085 4271 sibi
1105 4207 1259 4272 muneris
1273 4208 1457 4291 onerisque
1476 4208 1689 4291 impositum,
1709 4217 1745 4273 ut

391 4336 469 4400 libri
498 4338 544 4401 ad
575 4338 844 4404 examinandum
878 4341 942 4404 sibi
973 4341 1092 4406 traditi
1124 4342 1412 4424 proscriptionem
1442 4344 1555 4409 modis
1587 4345 1746 4410 omnibus

391 4479 523 4552 curent,
544 4479 649 4553 atque
670 4483 835 4555 urgeant,
856 4475 918 4539 sed
933 4485 970 4539 ut
985 4476 1143 4559 diligenti
1157 4478 1280 4558 studi0‚
1302 4497 1344 4542 ac
1365 4480 1487 4544 sedato
1501 4479 1619 4545 arrimo
1633 4482 1745 4564 ipsum

392 4604 635 4685 expendentes
657 4605 777 4670 fideles
798 4608 1058 4673 observationes
1079 4628 1169 4692 suas,
1191 4629 1363 4694 verasque
1383 4614 1537 4679 rationes
1550 4613 1746 4701 Congrega·

391 4737 476 4802 tioni
496 4740 731 4822 suppeditent,
753 4761 798 4806 ex
818 4742 943 4823 quibus
970 4753 1107 4809 rectum
1133 4746 1299 4810 iudicium
1326 4748 1370 4811 de
1393 4747 1453 4812 illo
1475 4748 1582 4831 serre,
1605 4750 1745 4834 eiusque

390 4873 686 4956 proscriptionem,
709 4876 995 4959 emendationem,
1011 4887 1071 4943 aut
1086 4880 1321 4945 dimissionem
1334 4900 1397 4964 pro
1412 4881 1537 4947 merito
1558 4884 1745 4951 decernere

391 5008 517 5070 valeat.

470 5145 489 5224 ξ
512 5146 557 5210 16.
579 5144 617 5209 II.
643 5145 797 5211 Tametsi
827 5148 997 5212 hactenus
1027 5157 1170 5214 cautum
1200 5151 1257 5233 sit,
1286 5155 1551 5237 cavendumque
1581 5156 1743 5240 deinceps
