4309 6534
491 774 541 829 118
1076 770 1145 844 an
1163 802 1177 816 ·
1196 774 1267 829 Dav

532 982 693 1066 DupulS,
725 982 1032 1067 Chanes-Francois.
1065 983 1135 1047 Ori-

487 1089 562 1169 gine
585 1091 626 1153 de
649 1101 721 1155 tous
744 1091 790 1154 les
814 1092 922 1167 cuites,
939 1112 983 1156 ou
1002 1092 1138 1172 religion

488 1197 686 1262 universelle.
712 1199 811 1264 Decr.
835 1218 875 1281 ²7
899 1202 956 1263 iul.
981 1204 1072 1265 1818.

531 1306 716 1387 Durellus,
740 1307 907 1372 Iohannes.
932 1308 1069 1371 Sanctae
1088 1328 1137 1371 ec·

437 1481 440 1490 ‚
488 1412 603 1476 clesiae
625 1413 812 1494 anglicanae
834 1415 988 1479 adversus
1011 1415 1137 1498 iniquas

487 1531 585 1602 atque
608 1522 838 1586 inverecundas
857 1522 1135 1586 schismaticorum

490 1627 728 1693 criminationes
762 1630 931 1695 vindiciae.
966 1632 1064 1694 Decr.
1095 1636 1136 1693 18

490 1741 675 1817 nov.167o.

536 1842 723 1924 Durrius,
760 1845 917 1908 Iohannes
959 1844 1136 1908 Conradus.

490 1949 661 2012 Tractatus
685 1951 860 2031 theologici
884 1964 967 2016 tres:
985 1953 1009 2016 1.
1027 1953 1138 2015 Brevis

490 2057 719 2121 commentatio
733 2058 1082 2139 historico-theologica
1098 2059 1139 2121 de

491 2164 645 2243 religione
673 2165 847 2229 christiana
878 2165 910 2229 in
933 2168 1139 2230 Germaniam

490 2283 523 2334 et
559 2271 744 2352 singulatim
782 2272 815 2335 in
849 2275 1007 2355 rempubl.
1044 2275 1136 2339 nori-

491 2380 679 2458 bergensem
705 2379 887 2444 introducta
913 2394 945 2444 et
973 2384 1139 2464 hucusque

490 2497 687 2550 conservata.
701 2487 741 2551 ΙΙ.
755 2487 894 2568 isagoge
909 2490 941 2551 in
953 2490 1052 2552 libros
1068 2511 1137 2553 nor-

492 2593 591 2655 males
606 2613 663 2655 seu
677 2594 873 2672 symbolicos
888 2595 1041 2659 ecclesiae
1055 2597 1138 2660 nori·

1203 983 1379 1063 bergensis.
1393 984 1450 1049 111.
1464 984 1715 1048 Observationes
1729 984 1771 1046 ad
1784 944 1848 1046 teir·

1205 1103 1273 1154 tum
1288 1105 1486 1171 augustanae
1509 1091 1726 1156 consessionis.
1745 1092 1844 1155 Decr.

1205 1202 1246 1260 18
1259 1199 1349 1278 sehr.
1375 1218 1465 1281 1704.

1243 1306 1512 1389 Dllrrschmidt,
1520 1307 1685 1371 Heinrich.
1694 1306 1756 1368 Die
1765 1305 1849 1368 klos-

1204 1406 1671 1477 terlichenGenossenschaiten
1684 1414 1716 1477 in
1725 1414 1849 1493 Bayern

1203 1521 1270 1583 und
1292 1521 1346 1584 die
1361 1522 1509 1601 Ansgabe
1530 1522 1587 1584 der
1607 1521 1849 1599 Reichsgesetz·

1203 1630 1342 1708 gebung.
1367 1629 1465 1694 Decr.
1490 1648 1536 1708 25
1561 1633 1628 1694 iun.
1644 1634 1741 1709 1875.

1248 1737 1485 1824 [Dusaussoy
1512 1736 1679 1822 (Saussoir
1706 1737 1790 1817 du)].
1819 1756 1848 1799 v.

1205 1841 1300 1907 Veri
1311 1842 1349 1907 tc
1372 1842 1433 1930 (la)
1457 1846 1576 1907 rendu'e
1592 1844 1728 1908 sensible
1744 1842 1763 1906 a
1778 1854 1849 1905 tout

1205 1950 1235 2012 le
1258 1951 1385 2015 monde.

1251 2058 1322 2138 [Du
1337 2057 1485 2138 Sellier,
1498 2060 1538 2119 N.
1551 2057 1713 2138 Osmont].
1728 2078 1757 2120 v.
1774 2052 1850 2117 Re-

1205 2166 1367 2246 ponsea
1388 2166 1418 2228 la
1431 2163 1650 2247 bibliotheque
1662 2162 1848 2247 janseniste.

1248 2274 1307 2339 Du
1320 2274 1465 2358 verger
1479 2275 1525 2340 de
1535 2274 1753 2353 Hauranne,
1762 2274 1850 2352 jean.

1204 2380 1381 2461 Theologie
1396 2379 1548 2444 familiere
1569 2402 1647 2443 avec
1670 2380 1777 2442 divers
1800 2400 1852 2441 au·

1206 2499 1271 2553 tres
1283 2490 1381 2569 petits
1393 2490 1505 2552 traitez
1518 2490 1559 2552 de
1571 2488 1734 2551 devotion.
1752 2488 1850 2551 Decr.

1205 2596 1241 2661 S.
1270 2595 1332 2678 Off.
1348 2597 1419 2676 ser.
1453 2595 1486 2661 V.
1510 2615 1551 2674 ²3
1572 2604 1645 2677 apr.
1670 2601 1766 2673 1654.
