4309 6534
396 789 417 851 6
956 800 1175 847 cousnsvno

393 1004 526 1085 tandaS,
548 1003 843 1069 consentientibus
870 1002 1059 1082 sententiis
1080 1001 1289 1066 iudicavere.
1310 1000 1407 1065 Idem
1435 1019 1473 1065 se
1502 1011 1537 1065 et
1565 1001 1697 1067 sentire
1717 1011 1753 1067 et

394 1152 513 1224 petere
533 1161 555 1206 a
576 1141 731 1206 Concilio
758 1141 898 1225 plurimi
926 1161 970 1207 ex
991 1141 1151 1206 Patribus
1178 1149 1298 1223 aperte
1326 1139 1587 1222 profitebantur.
1612 1138 1753 1221 Episco

394 1297 519 1362 porum
540 1279 674 1343 Galliae
696 1288 816 1343 extant
844 1281 911 1344 hac
932 1279 975 1343 de
997 1297 1035 1342 re
1055 1278 1205 1358 litterae,
1228 1294 1376 1360 quarum
1404 1276 1577 1341 sententia
1602 1286 1672 1358 est,
1694 1294 1753 1341 ne-

395 1432 493 1478 cesse
514 1430 590 1478 esse
605 1424 640 1478 et
654 1414 729 1479 sine
743 1414 964 1480 cunctatione
979 1414 1183 1494 faciendum,
1205 1423 1245 1477 ut
1265 1413 1346 1477 tilae
1360 1411 1505 1493 regulae
1528 1416 1563 1474 et
1580 1409 1750 1474 umbersa

395 1565 453 1611 res
473 1548 606 1612 Indicis
627 1566 717 1613 novo
732 1557 890 1630 prorsus
910 1550 1010 1613 modo
1031 1553 1173 1612 nostrae
1193 1547 1301 1611 aetati
1321 1545 1447 1610 melius
1474 1550 1701 1627 attemperato
1720 1550 1753 1609 et

394 1682 579 1745 observatu
598 1681 761 1763 faciliori
784 1681 1082 1747 instaurarentur.
1110 1681 1206 1745 Idem
1234 1700 1276 1745 eo
1304 1690 1462 1763 tempore
1489 1678 1657 1743 iudicium
1687 1676 1750 1742 fuit

395 1815 636 1898 episcoporum
667 1817 891 1898 Germaniae,
921 1819 1025 1899 plane
1045 1816 1253 1898 petentium,
1276 1825 1315 1880 ut
1336 1815 1480 1895 regulae
1500 1812 1673 1877 Indicia...
1699 1828 1751 1875 re·

394 1953 486 2015 canti
501 1953 673 2018 revrsr'oni
687 1960 721 2017 et
740 1953 934 2018 reductioni
948 1952 1208 2017 submr'ttantur.
1231 1950 1363 2032 Quibus
1384 1951 1536 2033 episcopi
1560 1949 1749 2015 concinunt

394 2103 439 2149 ex
459 2085 558 2149 ltalia
578 2087 722 2170 aliisque
743 2107 763 2151 e
784 2087 984 2171 regionibus
1005 2088 1212 2169 complures

474 2219 540 2301 Qui
560 2223 699 2304 quidem
721 2241 850 2303 omnes,
872 2223 902 2287 si
923 2233 1128 2305 temporum,
1150 2222 1180 2286 si
1200 2221 1438 2286 institutorum
1457 2220 1620 2300 civilium,
1637 2219 1749 2283 simo

393 2372 471 2419 rum
486 2357 704 2438 popularium
723 2351 893 2422 habeatur
910 2357 1008 2438 ratio,
1023 2376 1107 2422 sane
1122 2376 1234 2440 aequa
1254 2358 1430 2438 postulant
1445 2365 1480 2419 et
1495 2373 1576 2420 cum
1591 2364 1748 2420 materna

393 2488 570 2553 Ecclesiae
591 2500 732 2554 sanctae
754 2490 900 2554 caritate
921 2490 1173 2556 convenientia.
1202 2491 1339 2555 Etenim
1366 2490 1402 2554 in
1429 2500 1501 2553 tam
1527 2490 1634 2554 celeri
1653 2490 1749 2573 inge·

393 2622 530 2723 niorum
552 2643 672 2706 cursu,
700 2627 817 2689 nullus
845 2634 897 2688 est
926 2625 1148 2690 scientiarum
1177 2644 1336 2708 campus,
1361 2626 1396 2690 in
1418 2645 1486 2707 quo
1514 2643 1584 2689 non
1612 2625 1749 2691 litterae

393 2759 554 2824 licentius
575 2770 778 2825 excurrant:
800 2761 880 2825 inde
901 2761 1261 2843 pestilentissimorum
1279 2763 1446 2826 librorum
1461 2761 1664 2844 quotidiana
1685 2763 1749 2825 col-

393 2895 514 2959 luvies.
537 2895 637 2976 Quod
658 2914 743 2959 vero
765 2896 907 2979 gravius
928 2905 990 2977 est,
1012 2896 1047 2960 in
1069 2907 1141 2960 tam
1162 2898 1287 2980 grandi
1308 2900 1400 2962 malo
1421 2915 1492 2961 non
1512 2898 1617 2961 modo
1636 2897 1748 2963 conni-

392 3040 485 3110 vent,
507 3032 569 3095 sed
590 3049 754 3113 magnam
775 3032 950 3096 licentiam
971 3034 1056 3096 dant
1076 3034 1174 3116 leges
1195 3034 1363 3116 publicae.
1384 3034 1475 3098 Hinc
1490 3052 1534 3098 ex
1549 3052 1619 3099 una
1638 3043 1744 3116 parte,

392 3168 551 3250 suspensi
571 3168 739 3251 religione
760 3168 866 3232 animi
879 3168 1124 3250 plurimorum;
1146 3188 1190 3233 ex
1211 3170 1330 3250 altera,
1346 3169 1513 3252 quidlibet
1534 3170 1675 3253 legendi
1688 3170 1746 3234 im·

394 3301 515 3384 punita
536 3302 644 3385 copia.

471 3435 576 3499 Hisce
596 3435 703 3518 igitur
723 3436 952 3501 incommodis
973 3413 1184 3502 medendum
1205 3438 1279 3520 rati,
1303 3439 1372 3503 duo
1394 3438 1551 3504 iacienda
1572 3440 1743 3520 duximus

392 3586 436 3631 ex
457 3569 580 3650 quibus
601 3588 723 3634 norma
744 3569 872 3652 agendi
892 3570 927 3634 in
947 3571 1014 3633 hoc
1036 3589 1165 3653 genere
1194 3581 1290 3636 certa
1318 3582 1353 3637 et
1380 3573 1564 3657 perspicua
1586 3575 1744 3640 omnibus

391 3713 561 3786 suppetat.
583 3705 756 3770 Videlicet
776 3706 943 3771 librorum
964 3707 1179 3789 improbatae
1194 3710 1352 3776 lectionis
1370 3712 1633 3795 diligentissime
1653 3730 1744 3777 reco

391 3839 512 3921 gnosci
526 3840 694 3922 Indicem3
716 3842 869 3922 subinde,
886 3827 1061 3908 maturum
1077 3862 1157 3909 cum
1173 3845 1283 3926 fuerit,
1298 3846 1347 3909 ita
1365 3845 1585 3929 recognitum
1606 3845 1744 3930 vulgari

389 3971 561 4037 iussimus.
583 3974 768 4038 Praeterea
788 3976 833 4039 ad
854 3976 947 4058 ipsas
968 3980 1109 4061 regulas
1131 3988 1283 4043 mentem
1308 3978 1518 4059 adiecimus,
1541 3998 1671 4063 easque
1691 3982 1744 4045 de

391 4105 580 4187 crevimus
602 4107 767 4172 incolumi
795 4128 915 4175 earum
943 4124 1083 4196 natura,
1113 4116 1248 4179 efficere
1276 4114 1453 4198 aliquanto
1478 4116 1672 4199 molliores,
1696 4117 1743 4181 ita

389 4244 492 4325 plane
513 4252 551 4306 ut
571 4242 614 4306 iis
634 4243 883 4326 obtemperare,
899 4247 1087 4312 dummodo
1101 4249 1179 4331 quis
1198 4248 1338 4331 ingenio
1357 4252 1449 4314 malo
1467 4269 1537 4315 non
1558 4251 1612 4332 sit,
1635 4269 1743 4335 grave

388 4379 605 4460 arduumque
626 4397 703 4443 esse
724 4399 793 4445 non
814 4383 931 4463 possit.
954 4383 992 4448 In
1013 4403 1082 4466 quo
1100 4404 1169 4451 non
1185 4388 1288 4450 modo
1310 4389 1470 4469 exempla
1491 4388 1670 4470 sequimur
1690 4390 1743 4467 de

390 4527 568 4574 cessorum
596 4521 813 4594 nostrorum,
845 4515 906 4578 sed
939 4526 1134 4583 maternum
1162 4520 1339 4585 Ecclesiae
1367 4521 1520 4585 studium
1550 4523 1740 4589 imitamur:

389 4662 479 4726 quae
499 4644 639 4726 quidem
659 4644 743 4708 nihil
765 4654 837 4709 tam
859 4648 998 4729 expetit,
1020 4668 1124 4731 quam
1145 4669 1183 4714 se
1203 4651 1381 4733 impertire
1402 4653 1598 4737 benignam,
1620 4674 1741 4722 sanan·

390 4774 522 4856 dosque
543 4794 587 4839 ex
608 4794 645 4839 se
666 4785 768 4840 natos
787 4778 835 4841 ita
860 4796 998 4860 semper
1026 4782 1175 4862 curavit,
1203 4795 1316 4865 curat,
1343 4795 1381 4849 ut
1409 4803 1531 4850 eorum
1552 4787 1740 4854 infirmitati

389 4919 548 4972 amanter
569 4911 791 4993 studioseque
813 4924 944 4994 parcat.

471 5044 589 5125 Itaque
611 5055 747 5109 matura
769 5048 1026 5133 deliberatione,
1048 5054 1277 5137 adhibitisque
1298 5056 1330 5120 S.
1346 5056 1385 5119 R.
1404 5056 1441 5120 E.
1460 5057 1739 5126 Cardinalibuse

390 5197 491 5245 sacro
523 5179 674 5247 Consilio
706 5182 801 5249 libris
822 5186 1002 5270 notandis,
1034 5188 1138 5254 edere
1165 5191 1311 5256 Decreta
1336 5193 1520 5259 Generalia
1541 5197 1738 5277 statuimus,
