4309 6534
992 834 1060 892 The
1080 866 1093 879 -
1112 834 1181 892 Tho
1715 853 1766 906 293

394 1046 457 1111 lius
470 1044 490 1071 ”
505 1048 749 1128 explicationem
764 1060 862 1129 atque
878 1047 1052 1127 intelligen·
1113 1047 1183 1110 eius
1206 1048 1348 1128 patronis
1376 1051 1436 1112 sub
1459 1060 1626 1129 praetextu
1650 1050 1771 1131 quaeri·

393 1154 473 1219 tiam
496 1155 654 1220 submisse
667 1175 795 1235 rogans.
812 1156 910 1220 Decr.
926 1174 967 1236 14
988 1158 1054 1220 ian.
1115 1156 1241 1219 moniae
1264 1157 1460 1238 typographi
1481 1156 1684 1237 lovaniensis,
1708 1155 1772 1220 edi·

393 1281 484 1344 1737.
500 1284 532 1328 v.
543 1263 672 1345 Serry,
689 1265 824 1327 lacobus
841 1263 1055 1344 Hyacinthus.
1115 1263 1212 1328 tionis
1224 1265 1391 1330 secundae.
1403 1265 1501 1330 Decr.
1518 1265 1553 1329 S.
1572 1266 1635 1348 Off.
1639 1265 1711 1345 fer.
1737 1263 1770 1328 V.

439 1368 645 1454 Theologie
668 1371 730 1452 (la)
744 1370 865 1434 morale
885 1371 942 1433 des
959 1368 1056 1453 jesui·
1115 1389 1235 1451 raug.
1259 1376 1358 1450 1641:
1385 1372 1487 1434 Bulla
1520 1372 1598 1436 Urb.
1632 1370 1721 1435 VIII.
1751 1373 1772 1432 6

394 1490 443 1543 tes
464 1492 497 1542 et
519 1497 687 1542 nouveaux
708 1478 872 1554 casuistes,
895 1475 1056 1558 represcn-
1114 1485 1211 1542 mart.
1234 1485 1326 1558 1642.

395 1582 446 1649 the
468 1606 526 1666 par
548 1585 617 1648 leur
639 1587 786 1668 pratiqne
799 1599 832 1649 et
849 1606 907 1665 par
922 1585 1006 1648 leurs
1021 1584 1055 1646 li·
1158 1586 1340 1669 *Thiers‚
1364 1589 1521 1651 lohannes
1543 1588 1697 1668 Baptista.
1722 1587 1772 1648 De

395 1712 478 1757 vtes.
503 1693 601 1757 Decr.
624 1711 649 1771 5
671 1714 744 1775 apr.
770 1698 859 1756 [όόό.
1115 1696 1267 1759 festorum
1291 1697 1415 1758 dierum
1447 1696 1666 1759 imminutione
1682 1695 1770 1759 liber.

439 1798 674 1884 Theophilus
692 1796 976 1887 [pseudonymusj.
993 1801 1054 1863 De
1113 1802 1223 1864 Donec
1244 1804 1365 1882 corrig.
1390 1802 1487 1866 Decr.
1503 1820 1544 1863 22
1560 1807 1656 1864 mart.
1681 1807 1770 1882 1672.

394 1907 494 1971 lensio
517 1928 576 1988 pro
600 1907 770 1970 Valeriano
794 1908 923 1987 Magno,
941 1907 1052 1989 inqua
1157 1945 1201 1959 -
1224 1908 1331 1972 Traite
1355 1908 1412 1971 des
1439 1908 1660 1989 superstitions
1683 1907 1772 1970 selon

393 2014 563 2095 exponitur
588 2014 743 2077 ecclesiae
774 2013 1053 2077 romano-catholi·
1112 2013 1270 2080 l'dcriture
1286 2015 1396 2088 sainte,
1412 2016 1458 2078 les
1478 2013 1602 2078 decreta
1619 2015 1676 2078 des
1698 2035 1771 2078 con·

394 2141 450 2185 eae
480 2120 684 2184 scandalum:
718 2122 752 2183 id
787 2135 837 2185 est
867 2120 1051 2184 iesuitarum
1113 2123 1188 2186 ciles
1211 2138 1244 2187 et
1265 2122 1311 2186 les
1334 2123 1505 2186 sentimens
1522 2123 1579 2185 des
1598 2123 1697 2186 saints
1721 2120 1772 2203 pe·

393 2228 554 2305 haeresis,
583 2249 639 2292 seu
673 2229 858 2294 atheismus.
887 2230 985 2293 Decr.
1012 2248 1053 2310 17
1111 2250 1162 2293 res
1177 2245 1210 2294 et
1226 2232 1283 2293 des
1299 2229 1509 2310 theologiens.
1526 2231 1623 2294 Decr.
1637 2249 1675 2307 13
1680 2231 1769 2310 febr.

392 2356 464 2400 nov.
488 2341 577 2416 1664.
1111 2356 1205 2418 1702,·
1228 2357 1267 2401 ro
1289 2341 1373 2400 mair·
1392 2355 1432 2418 r7
1434 2356 1488 2418 57.

438 2442 663 2510 Thesaurus
686 2443 763 2506 iuris
778 2444 935 2508 executivi
957 2442 1052 2506 eccle
1155 2444 1283 2525 Thilo,
1307 2447 1450 2510 loannes.
1480 2445 1623 2509 Medulla
1651 2446 1772 2510 theolo-

394 2550 524 2627 siastici,
541 2551 714 2613 criminalis
730 2563 762 2615 et
777 2552 888 2614 civilis.
911 2549 1052 2633 Propter
1110 2553 1184 2631 giae
1206 2552 1323 2615 veteris
1350 2553 1531 2616 testamenti
1565 2554 1768 2633 exegeticae,
1826 2595 1828 2599 ι

395 2659 516 2721 librum
540 2661 712 2734 insertum,
729 2661 784 2721 cui
804 2660 933 2721 titulus:
945 2718 963 2745 u
976 2660 1051 2721 Tra·
1113 2658 1430 2739 thetico-polemicae
1476 2680 1513 2721 ac
1558 2659 1767 2724 homileticae.

395 2781 502 2831 ctatus
525 2767 687 2846 Rutgeri
710 2766 883 2830 Rulandt
907 2767 947 2829 de
966 2767 1052 2830 invo
1118 2765 1216 2829 Decr.
1241 2783 1282 2845 27
1307 2768 1372 2830 mn.
1397 2771 1487 2830 1682.

396 2874 520 2936 catione
530 2874 697 2954 utriusque
708 2874 830 2937 brachii
839 2893 953 2935 causae
965 2894 1052 2954 prae·
1155 2872 1314 2954 Thions,
1330 2872 1460 2937 Claude.
1476 2875 1615 2938 Adresse
1631 2897 1673 2938 au
1689 2896 1771 2956 pape

395 2981 476 3043 senti
503 2995 634 3043 venetae
660 2980 898 3045 accomodatus.
917 2979 935 3003 ”
951 2982 1049 3046 Decr.
1113 2981 1166 3043 Pie
1196 2983 1242 3043 IX
1275 3001 1330 3044 sur
1360 2980 1391 3043 la
1423 2981 1575 3045 necessite
1603 2980 1701 3045 d’une
1727 2982 1772 3045 re·

394 3088 429 3152 S.
452 3087 515 3170 Off.
532 3108 550 3165 3
566 3093 631 3151 rien.
650 3094 743 3157 160&
759 3107 799 3165 13
813 3091 876 3152 dec.
893 3094 983 3152 1608.
1111 3089 1212 3151 lorme
1228 3089 1404 3168 religieuse.
1421 3090 1518 3154 Decr.
1532 3108 1578 3168 15
1589 3098 1661 3172 apr.
1679 3093 1768 3170 1848.

437 3195 662 3262 Thesaurus
685 3195 1052 3276 theologico-philologi·
1155 3194 1327 3262 Thomas
1350 3196 1476 3276 Anglus
1499 3218 1538 3258 ex
1555 3198 1659 3260 Albiis
1676 3198 1769 3260 East·

392 3324 459 3378 cus,
476 3303 544 3365 sive
561 3303 685 3384 sylloge
709 3303 969 3366 dissertationum
990 3304 1049 3365 ele-
1112 3303 1286 3366 Saxonum.
1300 3325 1329 3368 v.
1341 3303 1482 3378 white,
1496 3304 1648 3369 Thomas.
1662 3304 1770 3386 Opera

391 3411 574 3490 gantiorum
590 3411 632 3472 ad
648 3410 816 3472 selectiora
831 3425 864 3473 et
880 3379 1050 3472 illuslriora
1109 3413 1226 3474 omnm.

392 3518 510 3581 veteris
542 3532 574 3579 et
609 3517 683 3580 novi
718 3518 898 3581 testamenti
929 3517 998 3579 loca
1032 3538 1051 3578 a
1156 3516 1327 3583 Thomas
1344 3518 1547 3582 Hibernicus.
1572 3519 1681 3581 Flores
1698 3519 1770 3582 doc-

394 3626 554 3704 theologis
577 3625 828 3705 protestantibus
856 3625 1051 3705 conscripta·
1111 3637 1216 3687 torum
1245 3645 1325 3704 pene
1359 3625 1521 3701 omniurn,
1546 3626 1602 3707 qui
1638 3639 1705 3688 tum
1737 3626 1769 3688 in

394 3752 476 3796 rum.
506 3733 604 3796 Decr.
633 3751 672 3796 ro
700 3734 783 3794 maii
802 3739 902 3813 1706,·
925 3750 963 3810 19
991 3734 1049 3795 iul.
1111 3731 1369 3811 theologiarum
1388 3732 1419 3793 in
1438 3732 1642 3812 philosophia
1666 3734 1770 3796 hacte

394 3858 483 3921 1707.
1110 3859 1170 3900 nus
1186 3840 1375 3914 claruerunt,
1394 3853 1555 3918 postrema
1570 3839 1670 3903 editio
1686 3840 1769 3919 prio

438 3947 664 4015 Thesaurus
674 3970 776 4012 novus
788 3949 1051 4029 theologicophi-
1111 3945 1199 4008 ribus
1211 3946 1409 4009 emendatior
1419 3946 1528 4009 multis
1541 3947 1767 4009 sententiarum

393 4054 558 4135 lologicus,
572 4056 640 4118 sive
651 4057 775 4137 sylloge
791 4058 1049 4120 dissertationum
1110 4053 1300 4115 chiliadihus
1313 4053 1510 4134 locupletior,
1520 4053 1606 4134 apud
1618 4055 1767 4117 Iacobum

393 4163 629 4242 exegeticarunr
644 4164 686 4226 ad
702 4165 867 4227 selectiora
888 4178 985 4246 atque
1008 4165 1051 4226 in·
1110 4160 1214 4233 Stoer,
1229 4178 1378 4224 Moxcvr.
1403 4160 1500 4224 Decr.
1526 4179 1545 4240 7
1567 4167 1640 4240 apr.
1665 4166 1755 4239 1642.

394 4271 536 4350 signiora
560 4272 675 4334 veteris
698 4286 730 4334 et
750 4273 824 4335 novi
847 4272 1050 4335 Instrumenti
1154 4265 1326 4333 Thomas
1337 4268 1531 4347 Kempisius.
1548 4269 1596 4329 De
1614 4267 1769 4329 imitando

393 4377 463 4441 loca
489 4401 508 4441 a
539 4378 697 4458 theologis
725 4380 977 4459 protestantibus
1003 4400 1052 4441 se-
1111 4372 1241 4437 Christo
1263 4374 1568 4454 contemnendisque
1584 4374 1694 4437 mundi
1716 4395 1769 4436 va·

395 4487 530 4566 paratim
554 4487 721 4561 editarum,
739 4508 822 4548 nnnc
845 4507 921 4549 vero
945 4508 1051 4549 secun-
1111 4481 1285 4555 nitatibus,
1327 4482 1496 4562 interprete
1539 4482 1769 4544 Sebastiano

395 4590 472 4652 dum
505 4591 618 4653 seriem
658 4591 812 4653 librorum
853 4592 1050 4670 digestarum
1111 4589 1362 4653 Castellione.
1388 4589 1484 4652 Decr.
1511 4597 1631 4670 5apr.
1656 4607 1744 4669 1723.

393 4695 588 4777 iunctimque
630 4717 811 4759 recusatum
852 4718 891 4759 ex
921 4717 1051 4759 musaeo
1155 4697 1398 4776 Thomasius‚
1416 4697 1558 4759 lacobus.
1573 4697 1769 4760 Exercitatio

394 4804 555 4867 Theodori
581 4804 699 4866 Hasaei
722 4817 754 4866 et
777 4803 915 4868 Conradi
940 4805 1050 4867 Ikenii.
1111 4804 1151 4866 de
1175 4804 1275 4866 stoica
1304 4804 1414 4865 mundi
1442 4803 1621 4878 exustione,
1646 4804 1697 4865 cui
1721 4825 1769 4865 ac·

394 4912 492 4976 Decr.
517 4919 558 4975 28
581 4914 638 4977 iul.
663 4933 753 4994 1742.
1111 4925 1272 4974 cesserunt
1288 4911 1467 4989 argumenti
1487 4911 1567 4972 varii
1583 4910 1639 4972 sed
1665 4911 1769 4991 impri-

434 5018 613 5099 †Theses
625 5020 824 5100 theologicae
833 5020 1051 5100 apologeticae
1112 5019 1171 5079 mis
1195 5018 1236 5079 ad
1273 5018 1438 5080 historiam
1475 5018 1594 5081 stoicae
1628 5017 1769 5097 philoso-

391 5142 424 5190 et
448 5127 664 5190 miscellaneae
691 5129 845 5190 adversus
873 5127 1051 5189 doctrinam
1110 5126 1204 5204 phiae
1235 5125 1383 5187 iacientes
1418 5125 1657 5189 dissertationes
1695 5142 1767 5189 xxt.

392 5232 531 5298 Cornelii
565 5234 700 5297 lansenii
737 5248 971 5315 propugnatum
1010 5236 1051 5296 ab
1113 5233 1212 5297 Dect.
1239 5249 1280 5313 27
1302 5237 1380 5313 sept.
1403 5236 1494 5313 1678.
