4309 6534
925 804 1004 858 Omb
1023 834 1038 844 -
1058 804 1122 859 ord
1655 819 1706 871 227

379 1021 520 1090 Ombre
550 1020 702 1104 parlanti,
735 1034 868 1087 trattato
894 1025 994 1088 molto
1088 1023 1278 1105 Opuscolo
1287 1023 1458 1104 teologico.
1466 1026 1514 1087 La
1522 1025 1711 1088 comunione

335 1132 462 1195 curioso
479 1151 650 1199 uocuxrx.
672 1133 769 1198 Decr.
787 1151 812 1212 5
827 1137 884 1199 iul.
901 1142 991 1213 1672.
1054 1131 1106 1193 del
1119 1131 1280 1210 sagrifizio
1296 1132 1429 1212 rispetto
1441 1132 1471 1195 al
1487 1131 1606 1213 popolo
1617 1129 1635 1194 ἑ
1648 1153 1710 1195 una

379 1242 539 1322 omelia,
563 1242 622 1305 che
645 1243 654 1305 i
682 1243 821 1304 cattolici
853 1243 885 1304 di
910 1254 994 1306 tutto
1055 1238 1138 1301 delle
1154 1238 1254 1301 verita
1271 1239 1402 1301 rivelate
1418 1237 1608 1319 'propostaci
1626 1238 1711 1302 dalla

336 1351 358 1413 il
375 1352 494 1414 mondo
511 1352 667 1413 dedicans
684 1350 715 1411 iu
731 1369 832 1427 segno
849 1350 881 1411 di
899 1350 993 1412 stima
1054 1346 1171 1410 chiesa.
1189 1346 1286 1410 Decr.
1299 1351 1340 1408 18
1353 1368 1431 1426 aug.
1445 1363 1541 1427 1775.
1566 1368 1595 1411 v.
1612 1346 1712 1409 Nan·

336 1481 354 1521 a
379 1480 436 1521 sua
465 1458 638 1521 eccellenza
669 1477 776 1520 revma
808 1457 993 1536 monsignor
1054 1453 1207 1526 aaroni,
1234 1453 1369 1516 Michele
1385 1454 1497 1517 Maria.

336 1565 557 1645 Langdnieux‚
581 1566 786 1628 arcivescovo
816 1564 850 1626 di
883 1563 994 1626 Reims
1098 1560 1233 1629 Oracle
1268 1558 1322 1641 (l')
1353 1563 1409 1623 des
1444 1560 1570 1624 anciens
1603 1558 1713 1624 fideles

335 1673 500 1752 gallicano.
526 1674 622 1738 Decr.
647 1691 685 1749 13
708 1677 774 1738 tha.
798 1676 887 1736 1830.
1054 1687 1135 1747 pour
1158 1669 1260 1731 servir
1288 1669 1328 1731 de
1358 1669 1440 1731 suite
1470 1682 1502 1733 et
1526 1665 1715 1731 d'eclaireis·

379 1780 586 1862 Onderrigt
615 1780 822 1862 (herderlijk)
844 1799 908 1841 van
931 1777 993 1839 den
1054 1788 1175 1838 sement
1201 1776 1221 1839 1
1252 1775 1283 1838 la
1316 1776 1416 1839 sainte
1447 1775 1542 1840 bible.
1572 1775 1714 1840 Decr.8

334 1889 572 1967 aartsbisschop
593 1908 656 1950 van
671 1887 806 1950 Utrecht
821 1906 861 1948 en
877 1887 918 1948 de
934 1884 994 1948 bis
1053 1885 1138 1944 maii
1158 1890 1247 1963 1761.
1272 1904 1301 1947 v.
1325 1882 1535 1947 Voltaire.

335 1996 500 2075 schoppen
523 2015 584 2058 van
601 1994 751 2057 Haarlem
775 2014 815 2056 en
835 1994 995 2055 Deventer
1098 1989 1263 2058 Oraison
1287 1992 1344 2070 (de
1359 1988 1397 2071 l')
1412 1991 1469 2052 des
1485 1986 1641 2069 pdcheurs
1656 2009 1714 2070 par

337 2123 414 2165 over
426 2104 467 2165 de
480 2101 886 2180 onbevlekteontvangenis
896 2101 953 2162 der
961 2098 992 2161 h.
1055 2116 1098 2158 un
1121 2094 1270 2176 pecheur.
1295 2098 1392 2161 Decr.
1416 2114 1462 2175 15
1485 2098 1551 2162 ian.
1577 2113 1667 2176 1714.
1683 2117 1712 2162 v.

340 2208 992 2290 MaagdMaria.Decr.SOffi4dec.1856.
1054 2204 1237 2284 Clugny,
1262 2205 1414 2287 Franpois
1441 2206 1490 2269 de.

378 2313 994 2401 *Ouderwysvoord'eerstebiechte
1099 2311 1232 2380 Oratio
1257 2312 1409 2375 solemnis
1432 2331 1516 2375 anno
1543 2316 1634 2387 1623,
1660 2310 1714 2374 'li-

335 2425 416 2486 ende
439 2425 470 2489 h.
487 2425 674 2498 communie,
693 2425 748 2487 dat
765 2424 800 2497 is,
819 2423 860 2485 de
875 2434 994 2501 geeste-
1054 2419 1126 2498 guri
1151 2420 1236 2500 typis
1260 2419 1521 2499 ambergerianis.
1554 2420 1651 2485 Decr.
1675 2437 1715 2500 27

335 2533 429 2611 lycke
452 2531 591 2612 bruylost
615 2532 672 2593 der
695 2534 795 2614 j0nge
819 2530 993 2603 kinderen,
1053 2546 1123 2589 non.
1148 2532 1237 2604 1624.

337 2640 504 2718 gemaeckt
539 2640 621 2701 door
649 2659 747 2701 eenen
777 2638 911 2718 priester
938 2638 995 2698 der
1098 2632 1272 2701 Orationi
1300 2634 1486 2715 quotidiane
1507 2636 1549 2696 da
1574 2632 1715 2696 recitarsi

337 2746 489 2825 societeyt
512 2749 596 2827 Jesu.
621 2747 730 2809 Donec
751 2748 872 2825 corrig.
895 2744 992 2809 Dect.
1053 2740 1095 2801 ad
1121 2740 1242 2803 honore
1267 2740 1350 2804 delle
1377 2762 1459 2804 nove
1482 2742 1660 2821 grandezze
1683 2740 1716 2803 di

340 2854 374 2918 S.
403 2853 465 2936 Off.
486 2854 553 2934 fer.
586 2854 619 2920 V.
644 2861 684 2917 26
707 2859 762 2918 oct.
787 2871 877 2933 1702.
1057 2868 1082 2912 s.
1107 2847 1200 2909 Anna
1224 2849 1335 2910 madre
1358 2848 1441 2911 della
1458 2849 1567 2911 madre
1591 2848 1625 2911 di
1641 2848 1716 2915 Dio.

381 2962 563 3043 ouguant
587 2982 668 3042 pour
691 2962 721 3024 la
748 2958 885 3034 brdlure‚
904 2979 945 3021 ou
968 2958 998 3021 le
1059 2955 1155 3020 Decr.
1181 2973 1207 3033 5
1228 2964 1303 3038 apr.
1328 2962 1417 3021 1666.

338 3082 438 3131 secret
470 3089 551 3149 pour
580 3069 767 3149 empescher
796 3068 842 3130 ies
865 3065 997 3150 jesuites
1104 3063 1264 3142 Orbata,
1287 3066 1419 3126 Ioannes
1444 3064 1493 3130 de.
1511 3063 1655 3145 Epistola
1674 3066 1716 3127 ad

339 3173 997 3252 destulerleslivresstecr.5iu1.1695.
1059 3192 1084 3236 s.
1117 3173 1148 3236 d.
1182 3192 1212 3235 n.
1246 3171 1379 3233 Paulum
1412 3172 1441 3232 V
1475 3193 1506 3252 p.
1538 3193 1580 3237 m.
1611 3186 1644 3235 et
1673 3173 1715 3236 ad

340 3303 369 3345 u.
395 3282 569 3345 Barbier
599 3280 857 3355 d'Aucourt,
888 3283 975 3361 Jean.
1062 3299 1172 3341 omnes
1189 3279 1348 3358 principes
1371 3292 1403 3341 et
1422 3278 1559 3359 populos
1575 3280 1718 3343 christia·

384 3387 520 3467 Ooms‚
544 3387 719 3452 Cornelius.
750 3387 917 3449 Vindiciae
940 3406 998 3466 pro
1061 3408 1120 3449 nos
1143 3401 1175 3449 et
1199 3386 1401 3466 potissimum
1426 3386 1467 3447 ad
1487 3387 1670 3450 sacerdotes
1685 3398 1717 3450 et

341 3494 395 3557 dd.
422 3494 562 3557 Antonio
578 3494 683 3556 Triest
706 3495 858 3574 episcopo
881 3494 999 3572 gauda-
1060 3494 1238 3573 religiosos,
1253 3513 1317 3575 qua
1330 3492 1512 3556 ostenditur
1527 3494 1716 3558 testimoniis

340 3601 429 3662 vensi
466 3601 620 3663 adversus
658 3600 832 3662 calumnias
874 3599 998 3680 aliquot
1058 3602 1098 3667 V.
1122 3614 1153 3663 et
1178 3602 1218 3665 N.
1242 3602 1279 3666 T.
1305 3613 1439 3663 ventura
1461 3620 1531 3663 esse
1562 3615 1716 3682 tempora,

339 3718 542 3769 externorum
577 3720 702 3786 patrum
734 3718 766 3769 et
802 3705 996 3769 monialium.
1059 3710 1091 3772 in
1130 3708 1248 3790 quibus
1287 3710 1471 3786 sacerdotes
1504 3723 1536 3772 et
1575 3708 1716 3789 religiosi

341 3813 437 3878 Decr.
461 3832 502 3892 24
526 3817 583 3879 iul.
607 3819 696 3893 1646.
1059 3815 1180 3878 Christi
1213 3834 1301 3878 arma
1333 3815 1413 3878 {erre
1435 3827 1547 3879 contra
1575 3815 1717 3880 infideles

385 3920 548 4003 Oppert‚
574 3920 671 4002 Jules.
700 3941 730 3985 v.
755 3920 935 3994 Ledrain,
959 3920 996 3983 E.
1059 3923 1242 4003 suscipiant.
1277 3923 1373 3987 Decr.
1406 3922 1440 3987 S.
1475 3922 1537 4005 Off.
1569 3929 1609 3985 26
1638 3943 1716 4002 aug.

343 4028 486 4091 Histoire
509 4026 658 4091 d'Israel.
1059 4037 1139 4094 1611
1148 4055 1162 4100 .·
1185 4049 1226 4109 24
1247 4036 1325 4111 sept.
1350 4036 1438 4094 1611.

385 4135 578 4217 0118111161,
591 4139 733 4200 Ioannes.
753 4138 866 4199 Pastor
885 4138 998 4208 bonus,
1027 4195 1031 4248 Ι
1105 4135 1234 4204 Orden
1257 4138 1346 4217 (der)
1370 4138 1428 4199 des
1451 4136 1604 4199 Friedens
1634 4137 1715 4199 oder

340 4265 395 4305 seu
421 4244 501 4316 idea,
526 4243 681 4319 officium,
705 4255 737 4306 et
761 4243 869 4324 praxis
892 4255 1001 4322 pasto-
1061 4245 1158 4306 deren
1182 4245 1300 4324 dreyen
1324 4243 1517 4306 Andachten
1541 4244 1599 4305 der
1618 4242 1715 4305 hoch-

342 4371 429 4424 rum,
458 4351 670 4430 passaviensis
701 4352 884 4413 dioeceseos
915 4348 999 4411 clero
1027 4394 1030 4406 .
1060 4351 1210 4429 gelobten
1233 4350 1355 4412 allezeit
1378 4350 1600 4413 unheileckten
1619 4350 1717 4430 Jung·

341 4477 399 4537 pro
420 4477 529 4519 norma
545 4459 662 4536 agendi
681 4457 874 4536 propositus.
900 4456 997 4520 Decr.
1027 4495 1030 4590 4
1061 4459 1129 4520 hau
1146 4458 1211 4520 und
1226 4459 1346 4520 Mutter
1359 4457 1473 4519 Gottes
1490 4457 1601 4521 Maria.
1619 4456 1716 4521 Decr.

344 4563 378 4627 S.
408 4563 470 4646 Off.
487 4563 557 4641 fer.
592 4565 624 4629 V.
650 4581 690 4643 27
710 4563 795 4641 febr.
819 4568 909 4643 1766.
1027 4593 1030 4684 4
1061 4564 1095 4628 S.
1127 4564 1160 4629 C.
1185 4564 1319 4645 Indulg.
1346 4584 1463 4643 3aug.
1488 4580 1593 4644 1750:
1616 4563 1651 4627 S.
1682 4563 1717 4628 C.

388 4669 599 4752 [opstraet,
624 4672 782 4750 loannes}
806 4690 835 4734 v.
860 4669 999 4731 Disci·
1027 4697 1030 4726 !
1062 4670 1195 4750 Indulg
1219 4677 1260 4734 28
1282 4693 1361 4751 aug.
1387 4675 1478 4750 1879.

343 4776 430 4855 puli
446 4778 611 4858 (antiquae
627 4776 784 4839 facultatis
800 4776 1000 4855 theologicae
1105 4777 1248 4846 Ordine
1271 4782 1371 4858 (tutto
1393 4775 1436 4856 ὲ);
1461 4778 1588 4857 arringa
1612 4777 1716 4841 filoso

341 4882 541 4957 lovaniensis,
567 4885 621 4964 qui
646 4884 751 4945 adhuc
774 4902 831 4962 per
853 4883 999 4962 Belgium
1027 4919 1030 4982 ἰ
1060 4886 1119 4947 fica
1137 4885 1281 4948 indiritta
1297 4886 1358 4947 alla
1374 4885 1627 4963 prestantissima
1640 4886 1717 4948 don·

343 4989 529 5068 superstites
552 4993 650 5069 sunt).
1027 4987 1030 5080 i
1059 4991 1138 5054 zella
1153 4991 1183 5053 la
1196 4992 1272 5071 sig.⁸
1287 4991 1395 5054 Eloisa
1413 4990 1596 5056 Pimentelli.
1614 4992 1712 5056 Decr.

387 5096 1000 5175 -v.Dissertati0nes(delocis
1027 5087 1030 5164 i
1060 5117 1099 5175 19
1124 5103 1189 5163 ian.
1213 5104 1303 5178 1824.

342 5202 549 5283 theologicis)
576 5205 695 5267 decem.
1027 5171 1032 5276 l
1105 5205 1357 5274 ordonnance
1383 5218 1415 5268 et
1438 5205 1626 5268 instruction
1649 5225 1720 5285 pas·
