4309 6534
961 792 1180 842 CONSTITVTIO

956 1124 1114 1192 CAPVT
1134 1123 1174 1189 11.

601 1309 650 1355 DE
670 1306 886 1354 EDITIONIBVS
906 1306 1041 1352 mxrvs
1061 1303 1255 1351 ORIGINALIS
1274 1302 1320 1348 ET
1340 1296 1538 1346 VERSIONVU

719 1442 784 1488 NON
806 1440 1015 1488 vvmnmvli
1036 1438 1172 1486 SACRAE
1193 1434 1416 1483 SCRIPTVRAE.

470 1658 499 1721 5.
521 1656 698 1722 Editiones
719 1667 836 1722 textus
854 1656 1032 1741 originalis
1052 1665 1088 1721 et
1108 1655 1330 1737 antiquarum
1344 1650 1545 1717 versionum
1563 1645 1745 1712 catholica·

390 1808 469 1856 rum
490 1810 611 1857 sacrae
632 1793 839 1876 Scripturae,
861 1793 966 1858 etiam
981 1791 1150 1857 ecclesiae
1174 1789 1361 1869 orientalis,
1379 1787 1423 1852 ab
1444 1783 1650 1851 acatholicis
1673 1781 1745 1866 qui·

392 1925 607 2009 buscumque
627 1927 837 2010 publicatae,
862 1927 928 1993 etsi
951 1926 1099 1991 fideliter
1123 1935 1159 1990 et
1182 1925 1318 2008 integre
1342 1922 1456 1987 editae
1476 1926 1685 2002 appareant,
1705 1916 1746 1982 iis

392 2061 583 2143 dumtaxat,
606 2063 664 2145 qui
685 2064 808 2127 studiis
822 2062 1028 2146 theologicis
1048 2063 1106 2126 vel
1128 2060 1260 2124 biblicis
1281 2060 1366 2123 dant
1387 2073 1537 2139 operam,
1557 2053 1746 2118 dummodo

392 2207 509 2264 tamen
530 2218 600 2264 non
621 2200 868 2282 impugnentur
895 2201 931 2265 in
951 2198 1209 2284 prolegomenis
1236 2206 1297 2262 aut
1324 2192 1605 2262 adnotationibus
1630 2191 1746 2256 catho

392 2333 479 2397 licae
500 2335 580 2399 fidei
601 2336 774 2419 dogmata,
796 2337 1053 2418 permittuntur.

471 2470 500 2532 6.
521 2470 652 2534 Eadem
673 2471 816 2552 ratione,
832 2482 867 2536 et
888 2473 953 2537 sub
973 2473 1096 2537 iisdem
1111 2469 1373 2550 conditionibus
1394 2466 1644 2551 permittuntur
1658 2462 1746 2528 aliae

392 2602 571 2667 versiones
595 2622 774 2669 sacrorum
806 2606 989 2670 bibliorum
1017 2606 1091 2670 sive
1112 2604 1235 2685 latina,
1257 2603 1332 2667 sive
1352 2601 1421 2665 alia
1441 2600 1562 2683 lingua
1581 2615 1653 2663 non
1672 2596 1747 2661 vul·

393 2737 470 2821 gari
490 2739 535 2802 ab
554 2740 757 2805 acatholicis
778 2741 901 2805 editae.

952 3025 1109 3091 CAPVT
1130 3025 1186 3090 III.

601 3205 648 3250 DE
670 3204 894 3252 VERSIONIBVS
914 3207 1134 3252 VERNACVLIS
1155 3206 1290 3252 SACRAE
1310 3202 1533 3250 SCRIPTVRAE.

472 3421 501 3483 7.
522 3419 611 3483 Cum
625 3420 862 3502 experimento
878 3421 1099 3485 manifestum
1113 3421 1166 3502 sit,
1188 3420 1217 3483 si
1238 3437 1339 3483 sacra
1353 3417 1457 3482 biblia
1471 3416 1609 3500 vulgari
1627 3415 1745 3499 lingua

391 3552 521 3634 passim
541 3553 615 3618 sine
637 3554 834 3619 discrimine
854 3555 1109 3636 permittantur,
1130 3557 1209 3637 plus
1230 3555 1319 3635 inde,
1341 3554 1386 3618 ob
1410 3552 1589 3617 hominum
1611 3548 1745 3614 temeri-

393 3695 514 3767 tatem,
536 3688 749 3770 detrimenti,
771 3707 875 3771 quam
904 3690 1061 3754 utilitatis
1089 3690 1190 3771 oriri;
1222 3690 1401 3755 versiones
1429 3706 1551 3753 omnes
1570 3686 1608 3752 in
1628 3686 1746 3770 lingua

393 3824 589 3902 vernacula,
613 3824 716 3888 etiam
731 3844 752 3888 a
768 3826 850 3889 viris
865 3826 1046 3891 catholicis
1059 3827 1247 3908 consectae,
1270 3826 1410 3890 omnino
1431 3824 1668 3908 prohibentur,
1682 3822 1747 3888 nisi

394 3956 519 4020 suerint
540 3958 584 4021 ab
604 3960 796 4040 apostolica
817 3961 906 4025 Sede
927 3963 1147 4043 approbatae,
1173 3972 1233 4026 aut
1255 3962 1368 4026 editae
1390 3962 1455 4026 sub
1476 3958 1657 4044 vigilantia
1683 3956 1746 4041 epi·

392 4112 578 4176 scoporum
599 4113 680 4159 cum
701 4096 983 4162 adnotationibus
1004 4097 1196 4180 desumptis
1221 4116 1265 4161 ex
1290 4097 1420 4162 sanctis
1440 4094 1619 4160 Ecclesiae
1639 4093 1746 4159 Patri·

392 4228 464 4308 bus,
486 4237 591 4310 atque
612 4249 657 4295 cx
678 4230 790 4295 doctis
811 4232 1060 4314 catholicisque
1082 4232 1317 4314 scriptoribus.

471 4363 500 4425 8.
532 4363 789 4429 Interdicuntur
820 4366 999 4429 versiones
1030 4384 1152 4430 omnes
1183 4384 1363 4431 sacrorum
1395 4364 1594 4445 bibliorum,
1624 4361 1745 4447 quavis

392 4496 531 4578 vulgari
554 4497 674 4580 lingua
701 4499 745 4561 ab
772 4499 975 4563 acatholicis
1002 4500 1277 4583 quibuscumque
1306 4502 1504 4580 conlectae,
1532 4509 1638 4582 atque
1666 4499 1745 4563 illae

392 4630 613 4710 praesertim,
635 4649 724 4712 quae
745 4649 806 4713 pcr
827 4632 1012 4697 societates
1033 4634 1185 4713 biblicas,
1213 4654 1235 4697 a
1263 4634 1416 4698 romanis
1429 4632 1653 4698 Pontificibus
1677 4650 1745 4698 non

392 4765 500 4827 semel
516 4765 707 4846 damnatas,
723 4765 956 4849 divulgantur,
972 4784 1052 4830 eum
1072 4767 1109 4831 in
1129 4768 1171 4831 iis
1191 4768 1440 4833 saluberrimae
1454 4766 1633 4831 Ecclesiae
1649 4768 1745 4850 leges

392 4900 436 4964 de
457 4900 583 4965 divinis
604 4901 700 4965 libris
721 4902 864 4966 edendis
885 4903 1039 4967 funditus
1059 4905 1342 4985 posthabeantur.

472 5037 548 5099 Hae
569 5037 792 5101 nihilominus
814 5037 993 5101 versiones
1013 5037 1062 5119 iis,
1086 5040 1144 5121 qui
1165 5040 1287 5105 studiis
1308 5038 1514 5122 theologicis
1535 5039 1591 5102 vel
1614 5036 1744 5102 biblicis

392 5172 476 5240 dant
497 5193 648 5259 operam,
664 5172 926 5256 permittuntur,
948 5172 990 5237 iis
1004 5173 1160 5255 servatis,
1176 5194 1265 5256 quae
1286 5193 1391 5258 supra
1408 5177 1451 5255 (n.
1466 5176 1496 5255 5)
1511 5183 1642 5240 statuta
1656 5181 1743 5239 sunt
