4309 6534
917 810 982 863 Mat
1001 839 1016 849 -
1035 810 1108 877 May
1641 821 1692 875 ²07

374 1022 618 1101 MatthaeuS,
641 1021 810 1086 Antonius.
843 1019 985 1100 Collegia
1089 1055 1133 1068 -
1156 1022 1201 1083 Le
1224 1041 1306 1100 pape
1329 1033 1361 1083 et
1382 1016 1559 1099 l'evangile,
1580 1040 1622 1082 ou
1645 1041 1697 1084 en·

334 1129 411 1191 iuris
452 1149 529 1204 sex,
569 1149 665 1190 unum
708 1128 984 1190 fundamentorum
1043 1148 1118 1190 core
1139 1130 1195 1190 des
1218 1129 1334 1191 adieux
1361 1125 1380 1189 a
1407 1129 1521 1193 Rome.
1550 1129 1647 1195 Decr.
1672 1146 1698 1207 5

331 1241 426 1316 iuris,
461 1242 595 1304 alterum
630 1241 884 1314 institutionum,
922 1251 982 1301 ter·
1042 1245 1116 1316 apr.
1142 1242 1201 1314 184
1202 1256 1235 1314 5.

333 1348 411 1409 tium
443 1362 474 1411 et
498 1362 646 1430 quartum
670 1349 867 1422 earumdem,
892 1347 982 1428 quin·
1085 1345 1272 1424 Maurice,
1319 1345 1490 1407 Frederick
1537 1345 1696 1409 Denison.

330 1466 396 1516 tum
424 1456 668 1533 pandectarum,
693 1467 817 1516 sextum
844 1453 982 1527 codicis;
1010 1480 1013 1534 2
1041 1452 1250 1531 Tlteological
1278 1472 1397 1532 essays.
1425 1452 1520 1518 Decr.
1553 1472 1592 1531 13
1607 1452 1695 1531 febr.

329 1563 446 1643 quibus
473 1563 616 1624 adiectae
646 1574 719 1623 sunt
753 1561 983 1641 disputationes
1011 1543 1014 1628 l
1043 1563 1083 1620 18
1084 1577 1138 1637 54.

328 1670 486 1749 quaedam
510 1668 791 1732 extraordinariae.
822 1668 919 1731 Decr.
944 1686 984 1729 11
1011 1667 1014 1760 j
1088 1665 1254 1746 [Mamm
1280 1665 1471 1749 Salvatore].
1504 1689 1532 1732 v.
1560 1668 1697 1747 Ripro·

330 1781 397 1843 iun,
422 1785 512 1857 1⁶4²·
1011 1765 1014 1780 ¹
1042 1773 1206 1834 duzione
1229 1774 1262 1834 di
1287 1794 1329 1836 un
1353 1775 1506 1840 discorso.

372 1922 415 1934 -
439 1908 466 1950 u.
491 1884 704 1959 Alciatus,
730 1885 886 1947 Andreas.
904 1882 983 1946 Con·
1086 1878 1380 1961 *Maurocenus
1408 1884 1563 1948 Andreas.
1588 1883 1696 1946 Histo-

329 2004 376 2054 tra
400 1993 498 2054 vitam
522 1991 739 2054 monasticam.
1010 2013 1013 2132 p
1042 1989 1087 2050 ria
1111 2006 1222 2055 veneta
1246 1994 1287 2054 ab
1310 2010 1394 2052 anno
1425 2008 1503 2066 1521
1532 1992 1696 2071 usquead

374 2099 601 2176 Matthaeus,
615 2099 736 2162 Petrus.
752 2098 915 2176 Septimus
931 2098 982 2158 de
1010 2145 1013 2184 ,
1041 2118 1157 2160 annum
1194 2105 1286 2173 1615.
1311 2099 1419 2160 Donec
1448 2101 1570 2178 corrr'g.
1600 2099 1695 2163 Decr.

329 2207 501 2279 cretalium,
519 2204 780 2268 constitutionum
797 2204 982 2284 apostolica·
1010 2191 1013 2250 l
1040 2223 1081 2285 27
1104 2227 1173 2271 nov.
1198 2213 1288 2285 1614.

329 2334 398 2374 rum
423 2325 496 2393 post
515 2324 650 2388 sextum,
667 2312 870 2375 clementinas
884 2324 916 2375 et
931 2334 982 2375 ex·
1085 2314 1273 2382 Maximes
1304 2316 1360 2375 des
1391 2314 1515 2393 princes
1545 2328 1576 2377 et
1598 2326 1696 2376 estats

330 2433 532 2499 travagantes
541 2440 642 2500 usque
655 2419 686 2480 in
699 2419 981 2482 hodiernumdiem
1040 2421 1234 2485 souverains.
1271 2421 1367 2485 Decr.
1406 2440 1446 2497 23
1479 2427 1575 2485 mart.
1598 2439 1659 2501 170
1661 2438 1695 2499 5.

329 2527 496 2600 editarum,
514 2526 719 2591 continuatio.
744 2527 839 2592 Dect.
856 2531 896 2589 18
912 2530 979 2591 iun.
1041 2549 1070 2591 v.
1095 2528 1280 2590 luterdts
1302 2541 1334 2591 et
1362 2529 1524 2592 maximes

331 2640 419 2698 1610.
1085 2635 1273 2702 Maximes
1297 2634 1494 2699 cliretiennes
1517 2656 1571 2699 sur
1592 2635 1622 2698 le
1646 2637 1698 2698 de·

373 2742 546 2822 Matthat,
563 2742 598 2805 E.
615 2744 698 2805 Rom
715 2743 780 2805 und
798 2743 982 2805 dieHuma·
1040 2743 1110 2804 voir
1135 2744 1175 2805 de
1198 2744 1301 2823 parler
1323 2765 1362 2806 en
1390 2743 1498 2806 laveur
1530 2745 1570 2805 de
1592 2742 1624 2806 la
1647 2741 1697 2805 ve·

327 2849 415 2922 nitat,
433 2850 512 2911 oder
532 2851 588 2912 der
603 2850 840 2929 gegenwartige
864 2849 988 2929 Kampl
1041 2848 1110 2913 titt.
1135 2851 1231 2915 Decr.
1257 2869 1301 2928 15
1325 2853 1389 2915 ian.
1414 2868 1509 2930 1715.

329 2958 359 3019 in
383 2958 557 3022 Schlesien.
584 2958 679 3021 Decr.
703 2963 723 3019 8
744 2978 822 3037 areg.
848 2962 943 3036 1845.
1086 2957 1229 3042 Mayer,
1246 2958 1356 3038 Georg
1372 2957 1455 3022 Carl.
1473 2958 1555 3020 Zwei
1571 2958 1697 3020 Thesen

369 3064 563 3143 Matthias,
581 3064 789 3129 Christianus.
803 3063 981 3143 Collegium
1041 3064 1089 3145 liu
1113 3065 1171 3126 das
1195 3064 1381 3144 allgemeine
1397 3063 1516 3129 Concil.
1537 3065 1632 3129 Decr.
1656 3070 1697 3128 18

326 3173 488 3250 politicum
514 3172 601 3234 iuxta
632 3173 819 3235 methodum
843 3171 980 3250 logicam
1037 3170 1123 3248 febr.
1148 3176 1238 3236 1868.

327 3279 552 3357 conscriptum.
578 3278 673 3341 Decr.
698 3297 717 3339 1
742 3281 803 3341 dec.
828 3285 918 3341 1611.
1009 3247 1012 3394 l
1086 3312 1130 3324 -
1145 3280 1265 3341 Theses
1281 3281 1364 3342 duae
1380 3299 1439 3361 pro
1455 3280 1589 3342 concilio
1605 3299 1696 3342 oecu·
1773 3276 1774 3280 ’

374 3418 416 3431 -
438 3386 610 3446 Theatrum
643 3385 830 3447 historicum
858 3385 982 3447 theore-
1009 3397 1012 3412 ¹
1041 3386 1175 3450 menico.
1201 3387 1297 3451 Decr.
1322 3392 1362 3449 18
1380 3386 1469 3466 febr.
1494 3391 1583 3451 1868.

324 3491 589 3570 tico-practicum,
616 3492 647 3552 in
670 3511 735 3572 quo
758 3503 896 3571 quatuor
918 3512 982 3553 mo
1010 3517 1012 3631 p
1086 3493 1234 3577 Mayer‚
1259 3494 1391 3556 Ioannes
1423 3494 1614 3559 Fridericus.
1647 3494 1697 3557 De

327 3599 473 3660 narchiae
516 3619 597 3660 nova
638 3613 670 3660 et
707 3598 877 3660 artificiosa
915 3619 980 3659 me-
1041 3599 1199 3677 pontificis
1212 3601 1333 3663 romani
1348 3600 1511 3677 electione,
1523 3602 1603 3665 liber
1615 3621 1699 3664 com·

326 3706 429 3767 thodo
457 3706 688 3770 describuntur.
724 3706 820 3771 Decr.
848 3724 887 3781 19
910 3727 979 3771 nov.
1041 3707 1213 3768 mentarius
1236 3729 1307 3769 cum
1336 3709 1471 3770 duarum
1503 3707 1698 3771 dissertatio-

330 3819 368 3874 16
369 3830 423 3890 51.
1040 3834 1115 3875 num
1139 3815 1323 3894 appendice.
1347 3816 1443 3880 Decr.
1468 3822 1487 3878 6
1506 3822 1584 3897 sept.
1608 3821 1696 3895 1694.

371 3919 581 4001 [Malthieu,
600 3919 728 4000 Pierre].
740 3941 768 3985 v.
787 3920 982 3984 Histoire
1009 3891 1012 4006 l
1089 3922 1291 4006 Maynard‚
1323 3922 1486 3986 Gerardus
1518 3923 1568 3988 de.
1603 3923 1696 3985 Deci·

326 4027 382 4089 des
410 4027 551 4089 derniers
578 4026 719 4090 troubles
743 4030 783 4089 de
806 4029 935 4091 France.
1045 4028 1150 4090 siones
1180 4049 1282 4091 novae
1305 4028 1491 4092 tholosanae
1521 4030 1588 4093 sive
1611 4041 1698 4092 nota·

368 4133 661 4214 Maudit(1e)par
681 4131 866 4199 l’abbeffl‘.
884 4135 980 4200 Decr.
1009 4177 1012 4236 4
1044 4135 1122 4198 biles
1142 4149 1173 4198 et
1193 4136 1371 4216 singulares
1395 4137 1596 4218 quaestiones
1620 4137 1698 4199 iuris

326 4247 490 4318 15111111,
515 4246 604 4320 1864.
629 4263 658 4306 v.
684 4242 868 4318 Michon,
893 4244 982 4323 Jean·
1009 4239 1012 4278 ¹
1041 4243 1173 4323 scripti,
1209 4243 1334 4306 decisae
1368 4259 1423 4307 aut
1461 4244 1698 4324 praeiudicatae

328 4349 513 4428 Hippolyte.
1042 4369 1097 4429 per
1121 4363 1241 4412 arresta
1268 4350 1485 4413 memorabilia
1510 4350 1697 4430 parlamenti

371 4457 587 4536 [Maullrol‚
627 4455 926 4539 Gabriel-Nicolas].
951 4480 980 4521 v.
1041 4457 1216 4531 tholosani,
1253 4479 1333 4538 quas
1372 4457 1499 4536 collegit
1534 4458 1697 4520 Gerardus

325 4563 518 4642 Apologie
542 4565 583 4625 de
606 4575 678 4624 tous
700 4563 745 4626 les
765 4566 942 4645 jugemens.
1009 4559 1012 4647 ξ
1042 4565 1083 4625 de
1107 4565 1284 4644 Maynard,
1309 4578 1405 4646 atque
1439 4586 1458 4627 e
1490 4565 1606 4644 gallico
1636 4584 1699 4627 ser-

369 4692 458 4734 -v.
476 4671 586 4732 Essai
610 4691 665 4731 sur
689 4670 719 4732 la
744 4668 914 4735 tolerance.
1010 4711 1012 4727 ι
1041 4691 1135 4733 mone
1159 4671 1190 4733 in
1213 4672 1346 4734 latinum
1371 4672 1531 4735 transtulit
1561 4685 1593 4735 et
1619 4692 1697 4734 non-

369 4800 457 4841 -v.
475 4777 684 4857 Questions
701 4798 755 4839 sur
767 4777 797 4838 la
810 4777 979 4841 tolerance.
1042 4777 1137 4839 nullis
1183 4779 1402 4842 additionibus
1444 4801 1482 4841 ac
1522 4779 1699 4842 corollariis

369 4887 570 4964 Maurelle,
593 4886 830 4966 Jean-Jacques.
853 4886 981 4949 Adieux
1009 4809 1012 4955 l
1039 4885 1128 4947 anxit
1157 4887 1442 4966 Hieronymus
1465 4886 1696 4953 Brilckner.

322 5014 363 5053 au
391 5013 487 5071 pape,
517 5012 559 5054 ou
592 4992 699 5054 motils
727 4993 768 5054 de
800 4993 980 5072 separation
1008 4968 1011 5054 l
1046 4994 1143 5057 Dect.
1169 5011 1194 5071 5
1217 5013 1286 5057 nov.
1312 5000 1400 5058 1616.

325 5100 365 5159 de
389 5097 515 5177 l’eglise
546 5100 696 5163 romaine.
729 5100 825 5164 Decr.
854 5107 873 5163 6
900 5107 978 5182 sept.
1008 5091 1011 5164 l
1086 5101 1213 5185 Mayr,
1238 5101 1333 5164 Beda.
1359 5100 1616 5181 Vertheidigung
1640 5102 1698 5165 der

325 5210 420 5283 1851.
1007 5221 1011 5286 ξ
1041 5207 1247 5283 natfirlichen,
1272 5207 1485 5284 christlichen,
1503 5210 1568 5272 und
1584 5209 1697 5273 katho-

1009 3703 1011 3712 t
