4309 6534
756 1081 987 1179 LEONIS
1029 1079 1241 1175 PAPAE
1282 1078 1379 1172 XIII

829 1354 1299 1460 CONSTITVTIO

492 1641 566 1715 DE
593 1635 970 1716 PROHIBIIIONE
997 1635 1066 1709 ET
1095 1633 1340 1710 CENSVRA
1367 1630 1641 1707 LIBRORVM

831 2110 950 2195 LEO
984 2107 1309 2194 EPISCOPVS

659 2346 925 2417 SERVVS
960 2346 1334 2414 SERVORVM
1362 2344 1481 2412 DEI

786 2570 836 2615 AD
856 2567 1065 2616 PERPETVAM
1087 2567 1145 2613 REI
1166 2565 1347 2613 molunt!

396 2801 685 2996 Ormmoavu
709 2939 754 2984 nc
775 2935 956 2997 uvnsnvu,
978 2934 1068 2999 quae
1092 2914 1354 2999 diligentissime
1374 2912 1660 2995 sanctissimeque
1680 2928 1748 2975 ser·

393 3055 469 3119 vari
488 3055 524 3119 in
545 3056 613 3119 hoc
632 3051 824 3135 apostolico
846 3048 982 3131 fastigio
1004 3056 1150 3130 oportet,
1171 3048 1239 3111 hoc
1260 3056 1365 3129 caput
1385 3056 1490 3128 atque
1505 3046 1593 3108 haec
1611 3061 1748 3108 summa

394 3200 455 3271 est,
477 3189 616 3254 assidue
635 3188 783 3271 vigilare
803 3196 908 3268 atque
936 3183 1030 3248 omni
1058 3201 1124 3265 ope
1152 3184 1372 3263 contendere,
1395 3192 1433 3246 ut
1456 3181 1640 3265 integritas
1667 3179 1748 3244 fidei

395 3343 602 3407 morumque
622 3323 891 3388 christianorum
904 3339 949 3386 ne
964 3322 1045 3404 quid
1066 3321 1265 3386 detrimenti
1279 3321 1402 3404 capiat.
1421 3320 1537 3403 quue,
1552 3319 1582 3383 si
1595 3336 1748 3401 unquam

392 3459 488 3540 alias,
510 3459 662 3524 maxime
683 3469 736 3524 est
757 3458 994 3522 necessarium
1021 3458 1089 3521 hoc
1113 3467 1278 3540 tempore,
1301 3476 1390 3537 cum,
1413 3456 1589 3520 effrenatis
1609 3455 1748 3519 licentia

391 3593 541 3676 iugeniis
560 3612 603 3657 ac
624 3593 793 3674 moribuS,
814 3594 928 3657 omnis
956 3593 1027 3658 sere
1055 3592 1226 3673 doctrina,
1249 3610 1354 3675 quam
1382 3602 1541 3656 servator
1568 3590 1748 3655 hominum

392 3727 489 3792 Iesus
513 3727 673 3793 ChrIstus
696 3730 862 3793 tuendam
886 3728 1064 3792 Ecclesiae
1089 3746 1173 3792 suae
1196 3728 1242 3791 ad
1269 3728 1418 3791 salutem
1443 3727 1582 3810 generis
1605 3725 1748 3790 humani

392 3863 568 3945 permisit,
589 3864 625 3928 in
646 3865 883 3947 quotidianum
905 3874 1053 3928 vocatur
1073 3873 1252 3927 certamen
1272 3872 1377 3945 atque
1399 3863 1594 3927 discrimen.
1616 3862 1692 3942 Quo
1712 3861 1748 3925 in

393 3996 584 4062 certamIne
599 3998 717 4062 variae
738 3998 894 4080 prolecto
914 4008 1020 4081 atque
1040 3998 1310 4062 innumerabiles
1325 4007 1406 4061 sunt
1420 3997 1641 4061 inimicorum
1655 3995 1749 4059 calli·

394 4132 522 4196 ditates
535 4141 699 4215 artesque
712 4132 875 4212 nocendi;
890 4133 952 4196 sed
967 4151 1049 4196 cum
1063 4131 1184 4214 primis
1198 4141 1252 4195 est
1266 4132 1369 4214 plena
1383 4131 1616 4213 periculorum
1629 4129 1749 4193 intem-

393 4412 483 4467 sunt.
504 4402 597 4467 Nihil
619 4403 712 4468 enim
733 4402 880 4486 cogitari
903 4413 1018 4485 potest
1042 4402 1270 4485 perniciosius
1290 4403 1335 4466 ad
1355 4401 1586 4484 inquInandos
1614 4401 1749 4465 animos

392 4555 455 4618 per
474 4547 715 4620 contemptum
736 4536 913 4620 religionis
933 4555 1063 4620 perque
1077 4536 1261 4600 illecebras
1281 4537 1410 4600 multas
1431 4535 1607 4617 peccandi
1623 4534 1750 4615 Quam-

393 4673 513 4736 obrem
533 4672 622 4735 tanti
642 4682 803 4737 metuens
823 4673 914 4753 mali,
934 4682 969 4736 et
983 4672 1233 4736 incolumitatis
1252 4672 1333 4736 fidei
1353 4691 1395 4736 ac
1417 4690 1554 4736 morum
1575 4680 1694 4736 custos
1714 4680 1750 4735 et

391 4807 522 4872 vindex
535 4808 701 4888 Ecclesia,
717 4808 920 4872 maturrime
933 4807 1114 4888 intellexit,
1126 4807 1280 4872 remedia
1295 4817 1417 4872 contra
1431 4807 1601 4872 eiusmodi
1614 4817 1749 4890 pestem

394 4958 470 5005 esse
484 4942 670 5022 sumenda,
692 4943 737 5006 ob
751 4960 898 5025 eamque
912 4959 987 5005 rem
1000 4942 1036 5006 id
1050 4952 1219 5024 perpetuo
1240 4942 1381 5021 studuit,
1396 4952 1435 5006 ut
1452 4942 1619 5022 hommes,
1635 4942 1749 5024 quoad

393 5075 429 5138 in
456 5093 496 5139 se
526 5085 633 5157 esset,
654 5094 845 5158 pravorum
869 5076 1037 5140 librorum
1062 5076 1225 5157 lectione,
1250 5078 1318 5141 hoc
1343 5086 1396 5140 est
1423 5077 1574 5158 pessimo
1598 5093 1748 5158 venen0,

394 5209 603 5292 prohiberet
625 5210 827 5277 Vehemens
840 5213 908 5275 hac
921 5211 958 5275 in
972 5230 1010 5276 re
1024 5212 1179 5276 studium
1194 5213 1287 5277 beati
1301 5213 1400 5277 Pauli
1414 5213 1577 5277 viderunt
1591 5213 1750 5296 proxima
