4309 6534
867 804 1052 853 annnorcrr
1073 806 1190 853 ranna
1210 805 1283 853 xrv.
1712 788 1754 856 33

396 1004 466 1069 tias
492 1004 604 1069 veluti
630 1014 728 1069 certa
751 1024 794 1069 ac
815 1006 956 1072 defimta
976 1007 1154 1073 Ecclesiae
1178 1009 1345 1092 dogmata
1369 1027 1391 1072 a
1415 1008 1578 1091 quopiam
1600 1008 1636 1073 in
1656 1009 1753 1073 libris

394 1139 551 1220 obtrudi,
579 1140 737 1223 opposita
767 1158 853 1204 vero
884 1140 1013 1205 erroris
1042 1140 1251 1221 insimulari,
1280 1160 1349 1223 quo
1376 1143 1500 1206 turbae
1529 1142 1566 1206 in
1596 1142 1754 1207 Ecclesia

393 1275 609 1356 excitantur,
641 1275 782 1339 dimidia
811 1275 904 1339 inter
934 1276 1097 1341 doctores
1127 1285 1189 1341 aut
1219 1284 1397 1356 seruntur,
1422 1286 1483 1342 aut
1511 1277 1689 1359 foventur,
1718 1287 1753 1342 et

393 1410 606 1475 christianae
626 1410 807 1475 charitatis
826 1410 968 1474 vincula
988 1429 1157 1493 persaepe
1178 1412 1442 1493 abrumpuntur.

473 1548 561 1627 §24
582 1547 776 1630 Angelicus
796 1547 996 1611 scholarum
1016 1546 1179 1629 princeps
1199 1547 1445 1629 Ecclesiaeque
1467 1548 1598 1629 doctor,
1620 1566 1647 1612 s,
1666 1549 1753 1613 Tho

392 1699 471 1746 mas
490 1681 657 1763 Aquinas,
679 1681 763 1745 dum
783 1690 835 1745 tot
856 1681 1061 1763 conscripsit
1085 1699 1264 1763 nunquam
1289 1680 1374 1745 satis
1394 1682 1536 1746 laudata
1563 1683 1751 1765 volumina,

392 1814 511 1878 varias
530 1816 728 1879 necessario
749 1815 892 1879 offendit
912 1815 1207 1897 philosophorum,
1230 1817 1542 1899 theologorumque
1564 1818 1751 1900 opiniones,

391 1965 481 2030 quas
501 1948 650 2012 veritate
669 1948 870 2029 impellente
891 1949 1051 2013 refellere
1072 1948 1200 2013 debuit.
1222 1948 1367 2014 Ceteras
1387 1968 1473 2015 vero
1493 1951 1582 2014 tanti
1599 1951 1753 2016 doctoris

392 2081 517 2145 laudes
539 2081 576 2145 id
599 2082 802 2147 mirabiliter
827 2086 995 2165 cumulat,
1021 2085 1115 2167 quod
1135 2085 1418 2186 adversariorum
1442 2087 1618 2151 neminem
1641 2086 1752 2168 parvi·

392 2218 563 2299 pendere,
584 2217 766 2298 vellicare,
788 2227 849 2282 aut
870 2219 1054 2283 traducere
1079 2218 1176 2283 visus
1201 2219 1260 2300 sit,
1286 2219 1349 2283 sed
1376 2237 1499 2284 omnes
1526 2220 1687 2301 officiose,
1709 2238 1751 2284 ac

391 2352 655 2435 perhumaniter
679 2353 865 2433 demereri;
889 2372 972 2417 nam
992 2354 1022 2418 si
1042 2354 1126 2435 quid
1146 2353 1275 2434 durius,
1290 2353 1502 2436 ambiguum,
1518 2354 1751 2418 obscurumve

391 2505 516 2552 eorum
546 2487 647 2551 dictis
673 2487 847 2566 subesset,
872 2486 907 2549 id
935 2487 1072 2567 leniter,
1095 2486 1313 2569 benigneque
1340 2486 1618 2568 interpretando,
1648 2489 1751 2551 emol-

391 2625 507 2704 liebat,
521 2634 627 2707 atque
648 2624 853 2706 explicabat.
874 2624 911 2689 Si
930 2633 1049 2688 autem
1063 2623 1249 2706 religionis
1264 2642 1306 2686 ac
1321 2622 1402 2687 fidei
1416 2641 1523 2687 causa
1539 2624 1749 2704 postulabat,

392 2766 575 2821 uteorum
598 2758 808 2823 sententiam
836 2758 1058 2840 exploderet,
1083 2775 1125 2821 ac
1154 2757 1340 2837 refutaret,
1366 2766 1463 2821 tanta
1491 2757 1526 2821 id
1550 2760 1752 2839 praestabat

393 2892 574 2972 modestia,
595 2901 634 2956 ut
654 2912 724 2957 non
745 2894 916 2957 minorem
936 2893 981 2955 ab
995 2892 1036 2955 iis
1050 2891 1294 2971 dissentiendo,
1316 2909 1422 2973 quam
1443 2891 1652 2955 catholicam
1667 2891 1752 2955 veri·

393 3034 505 3091 tatem
524 3026 733 3107 asserendo,
759 3027 898 3091 laudem
922 3035 1127 3090 mereretur.
1159 3026 1225 3107 Qui
1254 3036 1326 3091 tam
1347 3027 1474 3090 eximio
1496 3027 1547 3091 uti
1571 3030 1684 3091 solent
1708 3047 1751 3092 ac

394 3163 538 3247 gloriari
552 3163 730 3247 magistro,
750 3165 849 3245 (quos
863 3181 992 3246 magno
1006 3180 1153 3227 numero
1167 3181 1253 3243 esse,
1266 3182 1329 3245 pro
1351 3164 1519 3246 singulari
1532 3172 1652 3228 nostro
1668 3182 1752 3246 erga

393 3297 507 3380 ipsum
529 3300 635 3377 cultu,
657 3297 840 3380 studioque
861 3297 1075 3380 gaudemus),
1097 3296 1121 3359 ii
1141 3297 1206 3361 sibi
1225 3298 1271 3361 ad
1287 3298 1534 3362 aemulandum
1556 3306 1752 3379 proponant

392 3432 480 3495 tanti
511 3431 664 3495 doctoris
693 3431 730 3495 in
761 3430 944 3494 scribendo
975 3430 1269 3508 moderationem,
1294 3428 1642 3510 honestissimamque
1670 3446 1751 3491 cum

392 3565 602 3629 adversariis
622 3565 768 3648 agendi,
794 3564 1060 3646 disputandique
1082 3564 1261 3627 rationem.
1290 3562 1348 3626 Ad
1372 3563 1462 3625 hanc
1484 3561 1592 3625 ceteri
1613 3578 1751 3642 quoque

392 3720 468 3767 sese
488 3718 700 3782 componere
727 3698 900 3778 studeant,
922 3698 980 3780 qui
1001 3697 1046 3760 ab
1066 3697 1142 3762 eius
1169 3697 1298 3775 schola,
1320 3694 1547 3776 doctrinaque
1572 3694 1749 3758 recedunt.

392 3841 600 3906 Sanctorum
624 3837 717 3902 enim
740 3837 889 3901 virtutes
920 3834 1080 3899 omnibus
1099 3834 1136 3898 in
1158 3834 1356 3914 exemplum
1377 3832 1422 3895 ab
1442 3830 1600 3895 Ecclesia
1631 3849 1751 3913 propo

393 3975 477 4040 sitae
498 3983 590 4039 sunt.
619 3973 776 4055 Cumque
797 3970 990 4054 Angelicus
1011 3971 1135 4033 doctor
1155 3977 1357 4033 sanctorum
1377 3967 1457 4031 albo
1478 3966 1675 4048 adscriptus
1695 3966 1748 4046 sit,

393 4125 602 4191 quamquam
630 4106 769 4169 diversa
799 4105 844 4168 ab
875 4123 917 4168 eo
948 4103 1076 4167 sentire
1109 4103 1231 4183 liceat,
1260 4101 1293 4165 ei
1323 4111 1442 4164 tamen
1473 4100 1684 4165 contrariam
1714 4100 1749 4163 in

393 4239 547 4324 agendo,
576 4257 618 4303 ac
646 4239 854 4321 disputando
886 4238 1055 4301 rationem
1086 4236 1173 4300 inire
1206 4235 1346 4300 omnino
1377 4254 1447 4299 non
1479 4235 1569 4298 licet.
1597 4234 1749 4300 Nimium

394 4374 534 4439 interest
555 4373 714 4455 publicae
736 4373 1010 4455 tranquillitatis
1035 4371 1275 4454 proximorum
1298 4370 1563 4450 aedificationis,
1586 4379 1621 4434 et
1642 4371 1750 4434 chari-

395 4509 486 4589 tatis,
508 4517 548 4573 ut
569 4527 589 4572 e
610 4508 862 4571 catholicorum
883 4507 1021 4589 scriptis
1045 4506 1135 4570 absit
1160 4505 1265 4586 livor,
1287 4505 1475 4585 acerbitaS,
1497 4514 1602 4586 atque
1624 4506 1750 4569 scurri-

396 4642 488 4724 litas,
513 4663 534 4706 a
563 4642 751 4707 christiana
772 4642 1005 4720 institutione,
1030 4659 1074 4704 ac
1094 4639 1293 4722 disciplina,
1320 4648 1354 4702 et
1379 4640 1423 4702 ab
1444 4638 1539 4701 omni
1566 4639 1748 4702 honestate

396 4796 533 4857 prorsus
554 4777 677 4841 aliena.
707 4776 940 4856 Quamobrem
961 4775 996 4839 in
1017 4775 1216 4839 huiusmodi
1243 4775 1453 4856 scriptorum
1477 4775 1653 4838 licentiam
1674 4794 1749 4858 gra·

397 4914 480 4979 viter
493 4933 558 4996 pro
573 4931 718 4978 munere
732 4931 796 4977 suo
810 4930 995 4976 censuram
1013 4912 1195 4975 intendant
1216 4911 1389 4974 revisores
1410 4910 1586 4991 librorum,
1603 4929 1748 4993 eamque

399 5048 683 5135 congregationis
710 5048 951 5112 Cardinalibus
979 5048 1259 5130 cognoscendam
1287 5046 1488 5128 subiiciant,
1513 5056 1552 5112 ut
1580 5065 1658 5111 eam
1685 5066 1749 5129 pro

401 5187 468 5249 zelo
488 5204 562 5264 suo,
585 5193 620 5248 et
641 5193 814 5266 potestate
835 5191 1029 5248 coerceant.

1646 5347 1659 5388 3
