4309 6534
515 1662 775 1741 Oberhauser,
806 1661 1005 1725 Benedictus.
1036 1662 1125 1723 Prae·

470 1772 622 1834 lectiones
638 1770 807 1831 canonicae
824 1769 912 1831 iuxta
928 1768 1037 1831 titulos
1053 1769 1124 1833 libri

471 1879 578 1959 primi,
596 1876 726 1940 secundi
747 1888 779 1938 et
806 1876 889 1938 tertii
919 1877 1124 1939 decretalium

469 2006 509 2049 ex
531 1984 760 2057 monumentis,
784 1983 973 2046 authoribus
995 1995 1027 2045 et
1051 2004 1128 2045 con-

470 2092 633 2156 troversiis
668 2090 807 2154 melioris
843 2103 937 2152 notae
969 2090 1126 2153 hodierno

468 2199 656 2263 eruditionis
679 2198 776 2277 genio
801 2210 833 2260 et
863 2197 971 2259 studio
1002 2219 1127 2261 accom-

469 2307 627 2370 modatae.
653 2306 748 2370 Decr.
781 2306 815 2369 S.
845 2304 907 2388 Off.
925 2304 995 2383 fer.
1029 2306 1062 2370 V.
1088 2312 1126 2367 16

463 2415 553 2495 seor.
578 2421 667 2495 1764.

513 2518 744 2599 oberrauch,
769 2520 977 2584 Herculanus,
1002 2520 1128 2583 Institu-

468 2630 571 2691 tiones
587 2628 724 2690 iustitiae
745 2627 943 2701 christianae,
961 2647 1016 2690 seu
1040 2628 1127 2690 theo·

468 2735 554 2814 logia
579 2734 716 2798 moralis.
742 2734 838 2797 Dect.
862 2751 902 2794 11
924 2737 989 2798 aian.
1015 2741 1103 2815 1796.

509 2841 1128 2920 oberthflr,Franz.MeineAnsichten

467 2970 531 3012 von
544 2949 601 3010 der
613 2948 833 3026 Bestimmung
845 2950 903 3010 der
919 2949 1127 3028 Domkapitel

466 3057 533 3118 und
557 3075 620 3117 von
644 3056 714 3117 dem
740 3055 978 3117 Gottesdienste
1002 3056 1034 3118 in
1065 3057 1127 3119 den

468 3162 814 3226 Kathedral-Kirchen.
851 3161 947 3226 Decr.
979 3181 1019 3223 12
1057 3165 1125 3229 iun.

467 3274 557 3334 1826.

511 3373 796 3458 obligation(1‘)
812 3376 868 3439 des
884 3375 1005 3439 fidelles
1029 3378 1070 3440 de
1093 3398 1127 3440 se

467 3485 625 3546 confesser
659 3483 677 3545 a
716 3483 784 3545 leur
822 3482 896 3545 cure
933 3484 1059 3546 suivant
1096 3484 1126 3547 le

466 3591 558 3671 chap.
584 3609 621 3653 21
650 3591 693 3652 du
717 3590 836 3652 concile
859 3589 987 3670 gendral
1011 3592 1052 3653 de
1068 3593 1126 3653 La·

467 3709 537 3760 tran
561 3698 605 3759 IV
629 3709 703 3759 tenu
725 3717 765 3758 en
794 3693 915 3759 l'annee
943 3713 1024 3773 1215
1050 3719 1126 3761 sous

465 3803 494 3866 le
518 3824 599 3884 pape
623 3806 773 3866 lnnocent
801 3804 855 3868 ΙΙΙ.
880 3805 976 3868 Decr.
1002 3804 1038 3869 S.
1061 3804 1123 3887 Off.

458 3911 529 3990 ser.
563 3910 596 3975 V.
622 3930 660 3988 30
683 3914 749 3975 ian.
773 3919 868 3990 1659.

510 4017 772 4086 Observateur
793 4015 846 4098 (l’)
874 4018 1065 4099 catholique,
1081 4038 1125 4081 re·

465 4145 526 4187 vue
557 4125 614 4187 des
644 4126 782 4187 sciences
811 4123 1067 4206 ecclesiastiques
1093 4137 1125 4188 et

466 4232 522 4295 des
537 4232 610 4294 laits
626 4231 789 4311 religieux.
804 4231 900 4296 Decr.
914 4233 1005 4296 odae.
1020 4238 1059 4293 18
1060 4250 1086 4310 5
1087 4250 1125 4310 5,-

468 4341 569 4419 7iul.
593 4343 689 4416 1859.

509 4445 810 4514 Observationes
826 4447 858 4507 in
873 4446 1123 4509 controversiam

466 4553 507 4615 de
529 4552 632 4631 gratia
662 4552 780 4614 efficaci
813 4553 943 4615 relatam
976 4554 1008 4615 in
1031 4553 1124 4615 libris

466 4658 639 4738 Augustini
648 4661 693 4721 Le
706 4659 802 4722 Blanc
814 4673 846 4722 et
858 4659 1019 4722 Theodori
1032 4659 1123 4722 Eleu-

465 4765 569 4829 therii.
583 4766 679 4831 Decr.
692 4787 712 4846 4
727 4768 788 4830 dec.
803 4786 891 4846 1724·
909 4788 937 4831 v.
955 4766 1008 4828 Mi
1017 4766 1123 4845 glia·

466 4893 608 4947 vacca,
635 4872 756 4939 Celsus

509 4978 810 5047 Observationes
838 4981 870 5043 in
896 4980 1037 5061 quinque
1060 4979 1123 5057 epi-

464 5086 571 5160 stolas,
597 5107 679 5167 quae
705 5088 966 5149 circumleruntur
996 5086 1123 5147 nomine

463 5193 678 5256 universitatis
694 5193 952 5270 salmanticensis,
969 5213 1007 5255 ac
1034 5213 1121 5272 prae·

1187 1663 1294 1725 sertim
1321 1663 1353 1724 in
1376 1661 1531 1743 quintam,
1548 1661 1685 1740 scriptae
1709 1662 1753 1724 ad
1782 1660 1861 1724 illos

1186 1792 1204 1831 a
1235 1770 1351 1851 quibus
1382 1769 1499 1849 legitur
1530 1768 1631 1849 prima
1665 1767 1859 1848 subscripta

1190 1892 1282 1953 1717.
1308 1878 1404 1941 Decr.
1431 1877 1465 1943 S.
1495 1876 1557 1960 Off.
1580 1895 1620 1953 29
1647 1878 1707 1939 iul.
1732 1893 1833 1957 1722.

1230 1985 1329 2065 Ode,
1353 1986 1497 2049 lacobus.
1526 1982 1787 2047 Commentarius
1814 1984 1859 2046 de

1185 2092 1315 2171 angelis.
1341 2093 1438 2156 Decr.
1461 2097 1482 2154 8
1509 2094 1567 2157 iul.
1591 2097 1686 2171 1765.

1229 2199 1405 2268 Oeuvres
1421 2200 1465 2261 du
1486 2198 1676 2279 philosophe
1693 2198 1734 2260 de
1750 2197 1858 2261 Sans-

1186 2307 1294 2371 Souci.
1320 2306 1416 2371 Decr.
1442 2306 1476 2372 S.
1506 2306 1569 2388 Off.
1593 2323 1633 2366 ra
1640 2304 1730 2386 febr.
1758 2313 1857 2388 1760.

1186 2436 1214 2478 v.
1246 2412 1452 2476 Frederic
1483 2414 1537 2489 ll,
1571 2413 1617 2475 roi
1649 2414 1690 2475 de
1721 2413 1857 2480 Prusse.

1230 2519 1349 2588 Office
1382 2518 1434 2601 (l’)
1465 2522 1506 2582 de
1536 2518 1657 2599 l’eglise
1687 2532 1720 2583 et
1755 2522 1799 2584 de
1823 2521 1859 2584 la

1186 2627 1303 2706 Vierge
1325 2648 1364 2690 en
1387 2628 1464 2689 latin
1479 2640 1511 2690 et
1534 2648 1573 2690 en
1596 2627 1740 2709 francois,
1773 2649 1859 2693 avec

1185 2735 1231 2797 les
1255 2735 1389 2815 hymnes
1405 2735 1559 2798 traduites
1585 2754 1625 2797 en
1648 2754 1730 2801 vers.
1749 2735 1856 2802 Decr.

1187 2847 1226 2904 18
1250 2846 1317 2906 iun.
1338 2848 1433 2920 1651.
1459 2864 1487 2906 a.
1517 2844 1561 2904 Le
1591 2842 1769 2905 Maistre
1804 2845 1858 2908 de

1185 2950 1310 3030 Sacy,
1341 2949 1554 3014 Louis-lsaac.

1230 3055 1477 3137 Olschinger,
1514 3056 1639 3138 Johann
1673 3057 1858 3137 Nepomuk

1187 3163 1272 3227 Paul.
1297 3164 1359 3225 Die
1383 3163 1574 3243 speculative
1589 3162 1769 3243 Theologie
1793 3167 1858 3230 des

1186 3270 1323 3350 heiligen
1357 3271 1501 3333 Thomas
1537 3292 1601 3333 von
1634 3270 1766 3352 Aquin,
1794 3274 1858 3337 des

1185 3378 1367 3457 englischen
1396 3378 1548 3451 Lehrers,
1574 3378 1606 3439 in
1630 3379 1692 3439 den
1716 3376 1857 3442 Grund-

1185 3491 1288 3564 zugen
1302 3484 1527 3565 systematisch
1542 3483 1735 3549 entwickelt.
1750 3485 1858 3554 Decr.

1184 3610 1224 3653 11
1246 3600 1319 3671 apr.
1344 3597 1443 3669 1859.

1229 3698 1503 3780 Oldenburger,
1513 3699 1677 3779 Philippus
1687 3700 1854 3767 Andreas.

1185 3805 1331 3867 Manuale
1347 3805 1525 3884 principum
1539 3805 1798 3880 christianorum,
1820 3809 1857 3872 in

1186 3932 1251 3993 quo
1273 3932 1383 3974 eorum
1411 3931 1485 3973 vera
1502 3911 1633 3974 {elicitas
1650 3912 1854 3992 depingitur.

1186 4018 1282 4083 Decr.
1306 4036 1347 4094 23
1370 4022 1469 4083 mart.
1494 4024 1584 4098 1677.

1230 4160 1272 4172 -
1285 4125 1467 4186 Thesaurus
1481 4124 1788 4203 rerumpublicarum
1803 4139 1856 4191 to·

1184 4231 1246 4294 tius
1269 4230 1356 4293 orbis
1388 4229 1648 4312 quadripartitus.
1678 4230 1777 4296 Decr.
1808 4253 1854 4313 19

1184 4341 1242 4403 iul.
1272 4344 1352 4418 1677
1361 4362 1374 4406 ,·
1402 4356 1442 4400 ao
1469 4344 1547 4420 sept.
1576 4343 1677 4417 1677,·
1694 4321 1746 4398 ’22
1775 4361 1853 4408 nov.

1184 4452 1273 4525 1⁶77·
1334 4468 1341 4482 ·

1227 4550 1247 4597 *
1270 4551 1384 4620 Oliva
1411 4571 1432 4618 e
1448 4551 1586 4631 Souza,
1603 4551 1781 4615 Felicianus
1795 4556 1852 4622 de.

1183 4661 1350 4722 Tractatus
1375 4660 1415 4722 de
1439 4660 1509 4721 t'oro
1539 4659 1706 4733 ecclesiae,
1732 4660 1855 4739 princi·

1183 4767 1296 4846 paliter
1319 4766 1484 4828 materiam
1518 4766 1683 4847 utriusque
1707 4778 1853 4846 potesta-

1183 4872 1234 4948 tis,
1260 4872 1433 4952 spiritualis
1457 4872 1577 4934 scilicet
1604 4885 1636 4934 et
1659 4875 1853 4952 temporalis

1184 4978 1370 5058 respiciens,
1405 4980 1436 5041 in
1470 4992 1535 5040 tres
1570 4991 1675 5058 partes
1710 4979 1852 5049 divisus.

1185 5086 1292 5148 Donec
1314 5089 1435 5167 corrig.
1460 5086 1556 5150 Decr.
1589 5090 1630 5148 28
1652 5089 1716 5149 iana
1742 5093 1827 5150 1681
1836 5115 1853 5160 ,·

1183 5199 1202 5255 ό
1225 5196 1309 5255 maii
1328 5199 1419 5258 1681.
