4309 6534
489 771 538 823 106
1069 767 1136 825 Den
1155 799 1170 809 -
1189 767 1251 823 Des

485 976 615 1040 Domini
637 979 782 1042 Sabaoth
805 978 882 1060 etc.)
903 979 987 1042 sacta
1009 979 1131 1043 univer·

483 1103 539 1147 sae
560 1085 712 1148 ecclesiae
734 1085 910 1149 catholicae
932 1108 970 1149 ac
993 1107 1132 1167 praeser-

484 1191 541 1255 tim
565 1191 711 1256 omnihus
735 1193 909 1256 hierarchis
932 1194 1009 1257 eius.
1031 1195 1130 1258 Decr.

485 1298 520 1363 S.
554 1300 616 1381 Off.
641 1320 660 1362 2
685 1308 763 1383 sepi.
796 1319 886 1380 1710.
918 1321 948 1363 22.
979 1301 1129 1378 Witte,

484 1408 643 1487 Aegidius
668 1410 717 1474 de.

528 1515 672 1604 DenyS‚
704 1516 873 1582 Henricus.
908 1516 1052 1596 Epistola
1088 1518 1129 1579 ad

482 1623 714 1704 amplissimum
738 1623 903 1686 dominum
926 1645 1010 1687 anno
1035 1629 1128 1699 1695.

484 1731 582 1795 Decr.
607 1728 642 1796 S.
672 1731 735 1812 Off.
761 1752 798 1809 31
821 1753 899 1813 aug.
924 1738 983 1808 169
985 1749 1020 1810 5.

528 1840 703 1918 Dereser,
738 1839 907 1903 Antonius.
933 1859 962 1903 v.
994 1839 1128 1901 Thad-

485 1945 613 2008 daeus
636 1968 656 2008 a
679 1967 704 2009 s.
733 1946 871 2010 Adamo.

528 2051 592 2120 De’
609 2051 738 2132 Ricei,
777 2053 937 2136 Scipione.
973 2052 1129 2117 Memorie

481 2160 592 2223 scritte
607 2161 649 2221 da
665 2160 709 2223 lui
725 2160 900 2224 medesirno
916 2161 1129 2242 epubblicate

482 2287 542 2330 con
558 2268 741 2331 documenti
758 2268 800 2329 da
817 2268 994 2347 Agenore
1013 2267 1127 2331 Gelli.

482 2375 645 2452 Decr.13
672 2378 738 2437 iun.
763 2380 859 2452 2865.

529 2482 582 2548 De
606 2483 722 2561 Rosa,
746 2482 852 2561 Luigi.
877 2483 902 2544 11
926 2482 1128 2563 pessimismo

482 2588 516 2651 di
528 2590 720 2653 sentimeuto
732 2609 752 2651 o
767 2588 903 2652 «dolore
914 2589 966 2653 del
978 2591 1123 2653 mondo»

483 2693 758 2782 (Weltschmerz).
784 2697 878 2760 Parte
897 2697 1008 2777 prima,
1027 2696 1128 2778 prole-

482 2804 622 2882 gomeni.
648 2805 889 2886 Decr.1sepi.
915 2810 1004 2882 2898.

525 2912 578 2979 De
600 2913 726 2998 Roye,
750 2911 949 2977 Franciscus.
975 2911 1127 2975 Canonici

481 3018 559 3081 iuris
582 3018 817 3082 institutionum
841 3017 914 3082 libri
936 3030 1011 3083 tres.
1028 3020 1126 3082 Decr.

480 3145 519 3204 ²3
539 3131 617 3208 sepi.
642 3132 731 3206 2726.

525 3233 580 3300 De
601 3234 730 3314 Sacco,
746 3236 773 3296 F
775 3234 885 3315 ilippo.
906 3234 995 3297 Sulle
1018 3234 1128 3296 immu-

479 3338 545 3404 niti
568 3341 813 3417 ecclesiastiche;
839 3342 978 3423 risposta
1000 3341 1030 3404 ai
1054 3362 1128 3421 pen·

478 3447 552 3511 sieri
577 3449 629 3511 del
651 3461 763 3513 curato
785 3450 884 3513 Silva.
908 3449 1006 3512 Decr.
1024 3467 1044 3529 7
1067 3451 1126 3513 iul.

479 3560 575 3634 1835.

525 3663 580 3730 De
593 3663 754 3743 Sanctis,
772 3663 876 3744 Luigi.
890 3664 996 3726 Roma
1012 3663 1128 3744 papale

478 3769 632 3834 descritta
657 3771 687 3832 in
711 3791 773 3832 una
788 3772 870 3833 serie
887 3772 920 3833 di
936 3772 1049 3834 lettere
1065 3791 1125 3834 con

479 3888 566 3940 note.
583 3878 681 3941 Decr.
701 3878 734 3942 S.
758 3878 820 3959 Off.
841 3884 881 3939 26
906 3880 963 3940 iul.
981 3881 1041 3939 186
1042 3895 1076 3954 5.

524 3983 726 4063 [Desbords
741 3986 807 4051 des
825 3981 965 4062 Dones,
978 3982 1124 4063 olivierJ.

477 4111 507 4157 v.
531 4092 843 4156 Amelincourt.
868 4093 913 4153 La
933 4090 1057 4154 science
1081 4091 1124 4151 du

478 4200 572 4265 salut.

523 4306 835 4389 [Desboulmiers,
859 4305 1123 4388 Jean-Augustin-

474 4414 603 4496 Julien].
620 4437 649 4480 v.
668 4415 904 4479 Histoires.
923 4415 1043 4493 Honny
1060 4413 1124 4475 soit

477 4521 531 4602 qui
555 4522 619 4584 mal
641 4544 662 4603 y
687 4543 793 4601 pense.

521 4625 541 4673 *
554 4629 762 4708 Descarles‚
776 4631 930 4692 Renatus
941 4627 1123 4690 Meditatio-

476 4756 532 4797 nes
549 4735 589 4798 de
606 4736 708 4816 prima
728 4736 942 4817 philosophia,
961 4736 992 4797 in
1009 4735 1125 4817 quibus

477 4843 538 4905 Dei
561 4844 730 4907 existentia
754 4858 785 4907 et
813 4843 937 4906 animae
968 4844 1126 4905 humanae

477 4971 496 5013 a
520 4970 653 5032 corpore
678 4952 842 5015 distinctio
874 4952 1123 5015 demonstratur.

478 5060 587 5123 Donec
609 5063 730 5140 corrig.
748 5060 847 5125 Decr.
865 5060 899 5124 S.
921 5059 984 5140 Off.
1001 5078 1041 5121 ιο
1066 5064 1122 5121 oct.

477 5173 565 5246 1663.

1242 1013 1287 1027 -
1309 976 1329 1022 *
1352 978 1497 1059 Epistola
1527 980 1570 1041 ad
1601 990 1724 1060 patrem
1748 979 1845 1042 Dinet

1198 1086 1361 1150 societatis
1386 1088 1457 1149 Iesu
1480 1086 1699 1166 praepositum
1720 1086 1847 1167 provin·

1198 1194 1309 1257 cialem
1333 1215 1390 1275 per
1407 1194 1585 1257 Franciam.
1600 1194 1708 1256 Donec
1721 1198 1844 1274 corrig.

1198 1302 1296 1366 Decr.
1320 1320 1360 1363 20
1383 1321 1453 1364 nov.
1478 1307 1567 1378 1663.

1243 1444 1288 1457 -
1316 1406 1504 1489 *Epistola
1532 1408 1576 1470 ad
1606 1409 1846 1471 celeberrimum

1197 1516 1300 1579 virum
1325 1516 1512 1580 Gisbertum
1536 1516 1700 1592 Voetium‚
1726 1517 1757 1579 in
1782 1538 1845 1598 qua

1197 1624 1417 1687 examinantur
1452 1625 1517 1688 duo
1547 1623 1619 1685 libri
1654 1645 1755 1704 nuper
1786 1644 1846 1705 pro

1196 1730 1314 1794 Voetio
1337 1730 1504 1793 Ultraiecti
1520 1731 1616 1793 simul
1631 1731 1718 1795 editi.
1737 1732 1847 1794 Donec

1196 1842 1318 1920 corrig.
1343 1840 1441 1903 Decr.
1465 1859 1505 1901 20
1528 1860 1597 1903 nov.
1622 1846 1710 1916 16⁶3·

1239 1983 1285 1994 -
1306 1945 1448 2012 *Notae
1472 1948 1504 2010 in
1521 1968 1729 2029 programma
1746 1949 1846 2029 quod·

1197 2055 1272 2117 dam
1296 2057 1355 2117 sub
1379 2056 1473 2118 finem
1490 2055 1564 2117 anni
1586 2060 1667 2134 1647
1686 2055 1717 2118 in
1733 2055 1845 2135 Belgio

1196 2163 1319 2225 editum
1342 2184 1414 2225 cum
1438 2164 1499 2226 hoc
1528 2162 1641 2225 titulo:
1665 2163 1846 2243 Explicatio

1196 2271 1310 2333 mentis
1335 2271 1491 2332 humanae
1514 2270 1582 2332 sive
1602 2269 1727 2332 animae
1751 2270 1845 2332 ratio-

1197 2377 1287 2443 nalis.
1315 2378 1424 2440 Donec
1446 2380 1569 2457 corrig.
1587 2377 1684 2441 Dccr.
1712 2398 1751 2440 20
1773 2398 1843 2441 nov.

1195 2490 1284 2562 1663.

1239 2627 1285 2638 -
1299 2590 1319 2636 *
1335 2591 1442 2673 Opera
1472 2591 1705 2672 philosophica.
1736 2593 1844 2654 Donec

1196 2702 1318 2780 corrig.
1343 2700 1440 2763 Decr.
1465 2719 1504 2761 2ο
1528 2720 1598 2763 nov.
1623 2707 1710 2777 1663.

1235 2806 1314 2856 -*
1332 2809 1394 2871 Les
1418 2809 1564 2888 passions
1589 2808 1629 2871 de
1651 2804 1755 2871 l’hme.
1781 2809 1844 2869 Do·

1196 2937 1252 2978 nec
1275 2918 1400 2995 corrig.
1425 2916 1523 2979 Decr.
1547 2935 1587 2977 2ο
1610 2936 1678 2979 nov.
1703 2920 1790 2992 1663.

1241 3058 1285 3070 -
1307 3022 1537 3085 Meditationes
1561 3024 1602 3085 de
1619 3023 1721 3104 prima
1745 3023 1845 3103 philo-

1196 3128 1320 3210 sophia,
1346 3130 1377 3191 in
1401 3130 1518 3211 quibus
1545 3131 1690 3193 adiectae
1713 3143 1788 3192 sunt
1811 3130 1842 3190 in

1195 3240 1255 3300 hac
1271 3236 1385 3300 ultima
1397 3237 1537 3314 editione
1548 3237 1737 3300 utilissimae
1749 3258 1843 3318 quae

1196 3345 1270 3406 dam
1286 3344 1578 3407 animadversiones
1594 3366 1633 3407 ex
1649 3345 1745 3406 variis
1769 3345 1843 3406 doc·

1197 3451 1394 3532 tissimisque
1437 3451 1627 3514 authoribus
1670 3451 1839 3526 collectae,

1196 3580 1267 3621 cum
1292 3556 1438 3622 authoris
1461 3557 1528 3621 vita
1548 3558 1688 3621 breviter
1710 3579 1747 3620 ac
1770 3579 1842 3620 con·

1195 3666 1287 3728 cinne
1311 3664 1502 3745 conscripta.
1528 3666 1626 3729 Decr.
1652 3666 1686 3729 S.
1716 3666 1778 3745 Off.
1802 3684 1842 3725 22

1194 3776 1388 3853 maii1720.

1238 3880 1481 3963 Deschamps,
1504 3880 1604 3943 Felix.
1629 3879 1774 3959 Epistola
1798 3879 1840 3940 ad

1194 3987 1224 4051 d.
1259 3988 1430 4050 Martinum
1463 3987 1612 4068 Steyaert
1644 3988 1685 4050 de
1714 4006 1841 4049 summo

1193 4096 1343 4174 pontifice
1365 4096 1497 4177 eiusque
1520 4096 1724 4159 authoritate.
1743 4096 1840 4158 Decr.

1193 4201 1228 4266 S.
1259 4202 1321 4283 Off
1346 4222 1386 4279 19
1411 4206 1469 4266 iul.
1493 4207 1584 4279 1689.

1236 4309 1310 4375 Des
1330 4309 1492 4375 EssartS.
1509 4311 1553 4370 Le
1568 4309 1647 4370 livre
1659 4307 1678 4370 a
1690 4308 1720 4370 la
1734 4309 1837 4382 mode,

1192 4434 1234 4477 ou
1260 4415 1289 4476 le
1316 4415 1508 4495 philosophe
1538 4414 1668 4489 cevent,
1698 4435 1839 4492 ouvrage

1193 4520 1273 4583 dans
1288 4521 1394 4602 lequel
1410 4542 1451 4584 on
1469 4534 1581 4584 trouve
1597 4522 1754 4602 plusieurs
1770 4542 1840 4601 par·

1193 4626 1364 4691 ticularites
1385 4627 1574 4708 singulieres
1597 4642 1628 4691 et
1652 4629 1839 4692 interessem-

1195 4746 1242 4798 tes
1266 4756 1348 4816 pour
1376 4729 1448 4798 tous
1478 4736 1524 4798 les
1552 4736 1633 4798 etats
1661 4736 1755 4797 dela
1778 4736 1838 4798 vie.

1195 4843 1293 4908 Decr.
1318 4864 1359 4923 14
1382 4846 1466 4905 maii
1485 4863 1575 4924 1779.

1238 4947 1331 5038 [Des
1355 4952 1521 5030 Essarts,
1546 4951 1680 5030 Alexis}
1698 4971 1726 5014 v.
1746 4950 1838 5011 Dis-

1191 5058 1404 5122 sertation
1440 5054 1481 5121 οὐ
1515 5054 1584 5121 l¹on
1619 5078 1741 5138 prouve
1776 5078 1838 5138 que

1190 5186 1215 5231 s.
1240 5165 1318 5228 Paul
1341 5178 1401 5230 etc.
