4309 6534
902 807 1023 855 tronus
1043 810 1158 855 PAPAE
1179 809 1249 855 xm.
1717 793 1755 857 15

397 1008 508 1090 ciunt,
533 1027 576 1072 ac
604 1007 814 1092 generaliter
837 1008 968 1091 scripta
988 1008 1117 1090 omnia,
1142 1009 1178 1074 in
1205 1009 1330 1091 quibus
1353 1009 1530 1093 religionis
1555 1019 1590 1075 et
1614 1026 1753 1075 morum

398 1144 594 1209 honestatis
614 1143 812 1226 specialiter
828 1142 973 1209 intersit

478 1278 528 1342 42.
549 1277 627 1343 Viri
647 1296 667 1342 e
687 1278 783 1342 clero
803 1278 954 1342 seculari
973 1296 1018 1342 ne
1038 1277 1145 1343 libros
1169 1278 1322 1360 quidem,
1348 1277 1408 1362 qui
1431 1278 1475 1342 de
1495 1277 1628 1342 artibus
1648 1276 1754 1342 scien-

396 1410 525 1494 tiisque
545 1429 642 1475 mere
662 1412 879 1477 naturalibus
906 1421 1074 1495 tractant,
1098 1411 1303 1478 inconsultis
1331 1411 1404 1477 suis
1430 1410 1622 1476 Ordinariis
1645 1410 1755 1493 publi-

396 1556 489 1627 cent,
510 1557 550 1612 ut
570 1548 792 1630 obsequentis
812 1547 918 1613 animi
939 1566 1025 1632 erga
1044 1548 1123 1613 illos
1144 1548 1343 1629 exemplum
1363 1548 1563 1630 praebeant.

479 1683 588 1748 Iidem
607 1684 835 1766 prohibentur
848 1684 1041 1766 quominus,
1055 1685 1187 1766 absque
1207 1682 1351 1766 praevia
1364 1681 1627 1748 ordinariorum
1641 1680 1752 1762 venia,

395 1816 509 1881 diaria
529 1817 587 1880 vel
607 1816 688 1882 folia
708 1815 886 1899 periodica
906 1817 1121 1882 moderanda
1140 1816 1339 1900 suscipiant

953 2168 1111 2235 CAPVT
1131 2168 1190 2234 IV.

674 2396 722 2441 DE
742 2394 979 2441 TYPOGRAPHIS
998 2396 1043 2442 ΕΤ
1063 2393 1267 2441 Enlmkmvs
1288 2393 1474 2441 amaonvu.

476 2628 527 2691 43.
547 2627 673 2693 Nullus
692 2628 781 2693 liber
800 2646 970 2693 censurae
991 2627 1251 2693 ecclesiasticae
1271 2627 1449 2693 subiectus
1468 2627 1672 2708 excudatur,
1686 2625 1754 2692 nisi

393 2762 431 2827 in
450 2761 621 2844 principio
640 2778 769 2828 nomen
783 2772 818 2827 et
832 2782 1028 2847 cognomen
1042 2774 1118 2829 tum
1131 2765 1294 2845 auctoris,
1309 2773 1385 2830 tum
1406 2764 1548 2829 editoris
1568 2764 1751 2847 praeierat,

393 2898 513 2961 locum
533 2897 675 2980 insuper
696 2908 730 2963 et
751 2917 882 2964 annum
896 2899 1132 2982 impressionis
1152 2910 1258 2983 atque
1279 2900 1448 2965 editionis.
1464 2900 1564 2980 Quod
1585 2899 1616 2964 si
1635 2900 1752 2983 aliquo

393 3033 431 3098 in
451 3051 547 3112 casu,
567 3033 678 3098 iustas
697 3035 743 3099 ob
763 3052 897 3115 causas,
912 3053 1040 3100 nomen
1060 3035 1215 3101 auctoris
1234 3036 1422 3100 tacendum
1442 3034 1613 3115 videatur,
1627 3034 1662 3098 id
1679 3054 1752 3117 per-

393 3168 556 3233 mittendi
575 3187 682 3251 penes
703 3170 926 3236 ordinarium
946 3181 1103 3254 potestas
1123 3172 1177 3237 sit.

475 3304 525 3367 44.
549 3302 719 3369 Noverint
746 3305 957 3388 typographi
986 3315 1022 3370 et
1053 3305 1206 3370 editores
1236 3305 1422 3383 librorum,
1454 3320 1565 3368 novas
1596 3301 1751 3366 eiusdem

393 3437 511 3518 operis
530 3438 712 3520 approbati
732 3439 900 3504 editiones
921 3458 1050 3504 novam
1069 3439 1356 3522 approbationem
1380 3437 1531 3519 exigere,
1551 3438 1641 3500 hanc
1661 3435 1751 3500 insu·

392 3589 457 3653 per
478 3571 590 3635 textui
610 3571 770 3656 originali
790 3573 969 3654 tributam,
995 3573 1070 3640 eius
1093 3573 1129 3638 in
1150 3572 1244 3637 aliud
1268 3572 1397 3636 idioma
1421 3570 1573 3635 versioni
1593 3588 1664 3635 non
1685 3570 1751 3635 sul·

473 3843 523 3905 45.
544 3841 640 3906 Libri
660 3844 706 3906 ab
724 3843 916 3925 apostolica
934 3842 1025 3909 Sede
1048 3844 1219 3923 damnati,
1244 3842 1372 3925 ubique
1399 3841 1557 3926 gentium
1587 3842 1750 3924 prohibiti

393 3985 613 4056 censeantur,
635 3985 670 4040 et
689 3977 726 4041 in
747 3978 991 4060 quodcumque
1010 3987 1195 4042 vertantur
1213 3977 1352 4042 idioma.

472 4110 523 4173 46.
544 4107 761 4191 Quicumque
781 4111 949 4176 librorum
976 4111 1185 4191 venditores,
1213 4110 1399 4193 praecipue
1420 4110 1479 4193 qui
1499 4110 1671 4174 catholico
1692 4130 1749 4176 no

393 4243 486 4307 mine
506 4243 710 4326 gloriantur,
726 4244 832 4309 libros
845 4246 889 4309 de
903 4246 1063 4311 obscenis
1084 4265 1129 4312 ex
1149 4246 1305 4329 professo
1319 4255 1511 4311 tractantes
1535 4265 1649 4330 neque
1669 4265 1749 4313 ven-

392 4379 486 4459 dant,
507 4397 621 4461 noque
642 4381 872 4462 commodent,
894 4399 1008 4463 neque
1028 4382 1217 4462 retineant;
1238 4391 1375 4446 ceteros
1392 4380 1584 4464 prohibitos
1604 4383 1748 4448 venales

392 4532 461 4578 non
481 4514 643 4594 habeant,
664 4514 730 4579 nisi
749 4533 772 4578 a
791 4532 894 4580 sacra
913 4515 1039 4580 Indicis
1059 4516 1340 4599 Congregatione
1360 4514 1500 4580 veniam
1520 4533 1583 4597 per
1606 4514 1749 4579 Ordina-

392 4650 481 4715 rium
501 4650 775 4733 impetraverint,
796 4670 862 4717 nec
883 4652 1044 4735 cuiquam
1065 4653 1229 4733 vendant,
1250 4652 1317 4717 nisi
1333 4652 1523 4734 prudenter
1547 4650 1748 4716 existimare

392 4784 532 4865 possint,
554 4784 600 4848 ab
620 4794 777 4867 emptore
798 4784 952 4869 legitime
972 4786 1053 4868 peti
