4309 6534
393 789 428 843 ⁵⁴
972 775 1161 846 Ant-Au

388 982 524 1064 poralita
549 983 633 1047 della
647 983 754 1048 chiesa
777 1005 794 1047 e
817 984 848 1047 la
871 984 1038 1067 questione
1147 984 1335 1071 [Ayrault
1345 984 1747 1067 Pierre].v.Puissance

392 1111 533 1155 romana.
547 1092 646 1156 Decr.
657 1092 692 1156 S.
707 1092 770 1173 Off
788 1109 829 1173 17
847 1112 918 1157 nov.
939 1098 1034 1175 1875.
1105 1089 1162 1171 (de
1183 1090 1230 1171 la)
1253 1089 1435 1171 paternelle.

434 1198 607 1284 Ayguals
635 1198 682 1266 de
707 1199 808 1280 Izco,
834 1198 1034 1265 Wenceslao.
1149 1198 1325 1266 Azevedo
1340 1197 1483 1279 nraujo
1498 1198 1667 1280 wama,
1684 1199 1748 1260 Ma·

390 1302 494 1365 Maria
510 1304 540 1366 la
556 1304 621 1385 hija
637 1305 678 1367 de
693 1304 920 1386 unjornalero.
934 1305 1034 1370 Decr.
1103 1304 1177 1367 nuel
1201 1305 1252 1368 de.
1277 1303 1421 1384 Analyse
1444 1304 1554 1367 critica
1576 1304 1619 1367 do
1642 1303 1749 1368 libello

392 1415 411 1471 6
432 1415 510 1492 sept.
536 1416 633 1490 1852.
1102 1411 1302 1476 accusatorio
1329 1432 1392 1493 que
1415 1432 1435 1475 o
1458 1432 1500 1476 sr.
1525 1412 1619 1493 bispo
1646 1411 1749 1475 conde

436 1518 597 1603 Aymon,
611 1519 701 1599 Jean.
719 1520 846 1583 Lettres
861 1519 1033 1583 anecdotos
1102 1518 1226 1599 redigiu
1243 1530 1355 1582 contra
1371 1540 1390 1581 a
1405 1518 1574 1582 laculdade
1597 1519 1639 1582 de
1662 1519 1749 1582 theo·

390 1634 423 1687 et
448 1622 615 1688 memoires
639 1624 833 1708 historiques
864 1626 908 1689 du
932 1646 1034 1690 nonce
1101 1626 1188 1706 logia
1211 1626 1253 1689 da
1275 1626 1502 1689 universidade
1528 1627 1569 1690 de
1585 1626 1746 1692 Coimbra.

391 1730 547 1807 Visconti,
568 1732 711 1795 cardinal
733 1731 899 1814 preconis&
920 1744 953 1797 et
975 1734 1033 1796 mi·
1102 1735 1199 1797 Decr.
1225 1734 1261 1797 S.
1290 1733 1353 1814 Off.
1379 1753 1398 1795 a
1422 1736 1480 1797 iul.
1505 1739 1596 1812 1890.

391 1836 491 1901 nistre
513 1851 617 1903 secret
645 1840 686 1903 de
709 1841 763 1903 Pie
786 1841 831 1903 IV
858 1852 891 1904 et
918 1840 959 1903 de
981 1862 1032 1903 ses
1145 1840 1413 1923 -Explioacoes
1436 1860 1477 1903 ao
1500 1842 1629 1922 publico
1643 1863 1662 1904 a
1677 1861 1748 1924 pro

391 1941 554 2007 creaturos
569 1966 609 2007 au
625 1945 745 2009 concile
762 1945 803 2008 de
813 1948 940 2022 Trente,
955 1947 1035 2010 dont
1103 1948 1208 2028 posito
1229 1947 1273 2009 do
1295 1946 1455 2010 incidente
1476 1948 1644 2011 occorrido
1658 1960 1750 2012 entre

390 2050 547 2131 plusieurs
570 2052 726 2132 intrigues
746 2053 869 2116 inouies
889 2074 924 2116 se
947 2065 1034 2117 trou·
1103 2075 1124 2117 o
1150 2053 1269 2116 senlior
1298 2053 1393 2133 bispo
1423 2055 1527 2117 conde
1556 2076 1574 2117 e
1604 2077 1623 2118 a
1654 2056 1749 2119 sacul-

392 2169 467 2220 vent
497 2159 578 2222 dans
605 2181 657 2223 ces
687 2160 839 2224 relations
870 2160 966 2224 mises
994 2182 1034 2223 au
1103 2161 1188 2224 dade
1212 2161 1253 2223 de
1275 2158 1439 2239 theologia
1459 2162 1501 2223 da
1523 2161 1750 2226 universidade

388 2266 464 2347 jour
487 2287 526 2329 en
542 2267 650 2330 italien
665 2279 697 2331 et
711 2289 750 2331 en
770 2267 918 2352 sranoois.
935 2268 1034 2333 Dect.
1105 2271 1145 2333 de
1176 2268 1337 2333 Coimbra.
1368 2269 1468 2335 Decr.
1493 2271 1528 2335 S.
1558 2272 1621 2353 Off.
1645 2291 1666 2334 2
1688 2273 1747 2337 iul.

394 2390 414 2453 7
436 2378 492 2438 oct.
517 2379 607 2455 1746.
1105 2381 1196 2455 1890.
