4309 6534
394 788 431 852 12
953 804 1175 851 cousnrvuo

389 1012 476 1077 tiam
495 1012 697 1077 concedere·
710 1013 861 1078 valeant„
883 1014 984 1095 Quod
1004 1014 1035 1078 si
1054 1013 1160 1078 iidem
1180 1014 1382 1097 generalem
1402 1030 1424 1076 a
1441 1011 1532 1077 Sede
1556 1006 1748 1094 apostolica

389 1148 652 1232 impetraverint
674 1152 885 1233 facultatem,
906 1160 946 1216 ut
966 1151 1126 1216 fidelibus
1147 1150 1254 1215 libros
1273 1149 1487 1234 proscriptos
1510 1147 1654 1233 legendi
1674 1145 1747 1211 reti·

389 1285 563 1370 nendique
584 1287 760 1352 licentiam
779 1286 949 1369 impertiri
969 1288 1119 1368 valeant,
1135 1304 1213 1350 eam
1226 1285 1364 1351 nonnisi
1384 1301 1465 1349 cum
1486 1284 1628 1350 delectu
1648 1290 1684 1348 et
1704 1300 1747 1348 ex

389 1417 481 1485 iusta
502 1430 538 1485 et
558 1422 753 1487 rationabili
774 1440 881 1487 causa
901 1423 1105 1487 concedant

469 1558 518 1622 26.
540 1559 671 1624 Omnes
691 1560 751 1642 qui
772 1560 974 1624 facultatem
994 1559 1222 1643 apostolicam
1244 1558 1423 1623 consecuti
1446 1566 1528 1622 sunt
1542 1556 1693 1639 legendi
1713 1564 1746 1620 et

391 1690 562 1756 retinendi
582 1694 689 1758 libros
712 1693 917 1776 prohibitos,
943 1703 1121 1776 nequeunt
1148 1694 1227 1758 ideo
1254 1695 1372 1777 legere
1401 1700 1436 1757 et
1463 1691 1615 1757 retinere
1642 1690 1747 1755 libros

390 1830 571 1913 quoslibet,
586 1839 647 1895 aut
662 1830 902 1913 ephemerides
922 1830 967 1894 ab
987 1829 1179 1895 Ordinariis
1199 1831 1357 1893 locorum
1378 1827 1599 1911 proscriptas,
1615 1826 1683 1892 nisi
1699 1824 1746 1890 eis

390 1964 425 2029 in
446 1965 637 2047 apostolico
657 1966 792 2030 indulto
813 1984 979 2048 expressa
1007 1966 1099 2029 sacta
1127 1965 1229 2029 fuerit
1257 1972 1412 2046 potestas
1439 1964 1578 2048 legendi
1606 1974 1642 2028 et
1669 1962 1746 2028 reti·

391 2099 496 2165 nendi
530 2101 637 2165 libros
664 2119 686 2165 a
713 2101 988 2184 quibuscumque
1009 2101 1201 2165 damnatos,
1227 2097 1447 2164 Meminerint
1473 2098 1617 2181 insuper
1628 2099 1688 2181 qui
1714 2099 1747 2164 li·

390 2234 541 2300 centiam
572 2236 712 2319 legendi
742 2236 849 2300 libros
870 2235 1060 2317 prohibitos
1092 2234 1333 2314 obtinuerunt,
1366 2232 1467 2318 gravi
1497 2252 1535 2298 se
1559 2242 1745 2317 praecepto

392 2368 503 2433 teneri
536 2368 735 2433 huiusmodi
769 2369 876 2433 libros
909 2368 958 2431 ita
993 2368 1187 2448 custodire,
1212 2376 1252 2431 ut
1286 2368 1331 2431 ad
1358 2367 1507 2433 aliorum
1527 2384 1655 2432 manus
1677 2385 1745 2433 non

390 2502 606 2586 perveniant.

953 2735 1111 2801 CAPVT
1131 2735 1175 2801 X.

685 2946 733 2992 DE
754 2946 1033 2994 DENVNCIATIONE
1053 2947 1243 2994 PRAVORVM
1263 2947 1446 2994 LIBRouvu.

470 3176 519 3241 27.
542 3176 709 3257 Quamvis
730 3178 983 3243 catholicorum
1005 3180 1159 3245 omnium
1180 3180 1233 3260 sit,
1256 3180 1408 3245 maxime
1432 3197 1563 3261 eorum,
1586 3181 1647 3263 qui
1667 3182 1744 3248 doc-

391 3313 482 3378 trina
512 3318 732 3399 praevalent,
754 3318 968 3399 perniciosos
993 3321 1100 3384 libros
1125 3319 1312 3412 episcopis,
1341 3330 1402 3383 aut
1429 3319 1643 3403 apostolicae
1667 3319 1745 3386 Sedi

390 3449 615 3532 denunciare;
640 3452 676 3516 id
696 3463 814 3518 tamen
836 3453 977 3535 speciali
1001 3453 1102 3518 titulo
1126 3455 1276 3537 pertinet
1300 3455 1345 3519 ad
1370 3454 1532 3535 Nuntios,
1555 3454 1745 3539 Delegatos

389 3586 614 3666 apostolicos,
641 3589 798 3652 locorum
819 3587 1033 3669 OrdinarioS,
1059 3600 1164 3672 atque
1189 3600 1345 3655 rectores
1368 3589 1647 3656 Universitatum
1667 3592 1744 3655 doc·

390 3720 503 3786 trinae
524 3723 629 3788 laude
649 3724 855 3788 florentium.

469 3858 518 3922 28.
540 3858 689 3942 Expedit
710 3870 748 3923 ut
768 3860 804 3924 in
829 3879 1018 3942 pravorum
1047 3861 1213 3926 librorum
1241 3863 1507 3929 denunciatione
1534 3881 1606 3928 non
1633 3864 1744 3929 solum

389 3993 468 4059 libri
481 3994 603 4059 titulus
616 3995 796 4077 indicetur,
812 3996 1002 4077 sedetiam,
1022 3997 1136 4078 quoad
1153 3997 1229 4061 fieri
1246 4007 1369 4080 potest,
1385 4016 1512 4063 causae
1527 4007 1744 4079 exponantur

390 4130 435 4192 ob
456 4148 543 4212 quas
564 4131 651 4195 liber
672 4149 820 4196 censura
841 4132 967 4214 dignus
989 4133 1216 4197 existimatur.
1239 4132 1283 4196 lis
1304 4140 1422 4196 autem
1442 4132 1487 4195 ad
1508 4149 1597 4213 quos
1618 4133 1743 4198 denun-

390 4266 492 4330 ciatio
514 4267 676 4349 defertur,
693 4277 853 4332 sanctum
874 4269 948 4349 erit,
971 4269 1254 4334 denunciantium
1274 4269 1415 4333 nomina
1436 4276 1572 4333 secreta
1593 4285 1744 4350 servare,

469 4401 518 4465 29.
540 4400 722 4484 Ordinarii,
745 4403 849 4468 etiam
870 4411 1048 4485 tamquam
1069 4403 1233 4486 Delegati
1256 4403 1355 4468 Sedis
1385 4403 1606 4486 apostolicae,
1629 4404 1741 4484 libros

390 4533 527 4616 aliaque
548 4536 678 4619 scripta
698 4538 802 4602 noxia
822 4539 858 4603 in
879 4556 942 4602 sua
964 4539 1114 4603 dioecesi
1135 4539 1227 4603 edita
1248 4540 1306 4603 vel
1326 4538 1451 4602 diffusa
1464 4539 1691 4621 proscribere,
1710 4547 1742 4603 et

390 4671 591 4735 emanibus
620 4672 775 4737 fidelium
803 4673 939 4737 auferre
967 4673 1139 4738 studeant.
1169 4673 1225 4737 Ad
1253 4673 1482 4755 apostolicum
1509 4672 1675 4737 iudicium
1702 4689 1741 4736 ea

390 4806 547 4871 delerant
568 4825 674 4889 opera
695 4810 752 4872 vel
774 4808 911 4890 scripta,
926 4826 1016 4891 quae
1030 4809 1189 4873 subtilius
1211 4827 1358 4873 examen
1379 4810 1532 4892 exigunt,
1555 4812 1613 4874 vel
1626 4809 1663 4874 in
1677 4808 1741 4892 qui-

390 4944 455 5006 bus
475 4944 520 5007 ad
540 4944 730 5007 salutarem
745 4944 908 5007 effectum
922 4944 1213 5025 consequendum,
1236 4960 1420 5025 supremae
1440 4944 1659 5010 auctoritatis
1672 4962 1740 5009 sen·

391 5076 499 5141 tentia
519 5078 648 5160 requiri
671 5078 841 5144 videatur.
