4309 6534
961 794 1172 843 attatum.
1544 862 1550 875 .
1690 790 1741 839 XV

401 1000 579 1078 indictum
608 1028 682 1079 non
702 1003 895 1093 servantis,
918 1002 1164 1102 prohibitione
1184 1004 1299 1103 digna
1317 1003 1486 1080 reddidit.
1514 999 1741 1078 Huiusmodi

401 1148 663 1223 controversiis
690 1149 884 1224 exstinctis
911 1163 951 1223 et
978 1131 1112 1223 silentii
1129 1163 1333 1245 praecepto
1352 1149 1425 1223 iam
1444 1147 1586 1222 dudum
1613 1145 1741 1222 oblite·

402 1303 494 1378 rato,
526 1291 659 1366 dimitti
686 1289 724 1365 hi
741 1290 853 1367 libelli
879 1305 1065 1390 poterant.

482 1435 578 1509 Cum
605 1450 802 1532 praeterea
829 1434 910 1511 libri
938 1436 1091 1533 quidam
1128 1452 1293 1511 ceterum
1330 1436 1475 1511 innocui
1507 1436 1544 1509 in
1577 1433 1738 1509 Indicem

400 1579 505 1654 relati
524 1596 653 1655 essent
680 1607 727 1655 eo
756 1581 859 1678 quod
886 1580 1047 1655 officiola
1073 1595 1113 1655 et
1139 1579 1285 1655 litanias
1314 1555 1503 1655 Ecclesiae
1530 1579 1630 1654 haud
1654 1602 1739 1675 pro·

400 1725 519 1812 bataS,
549 1739 588 1797 et
614 1738 745 1798 eontra
768 1723 885 1821 ipsius
906 1722 1188 1820 prohibitionem
1208 1724 1329 1797 editas
1348 1722 1590 1807 continerent,
1612 1736 1651 1795 et
1669 1722 1739 1796 hos

399 1889 617 1966 expungere
643 1865 792 1964 placuit,
814 1865 902 1963 quia
925 1865 1091 1941 locorum
1112 1866 1320 1941 Ordinariis
1338 1864 1449 1941 hodie
1468 1863 1624 1941 facultas
1643 1863 1739 1938 sacta

398 2023 460 2084 est
486 2011 737 2107 permittendi,
769 2025 812 2085 ut
837 2010 1051 2085 huiusmodi
1077 2009 1227 2085 litaniae
1254 2026 1293 2085 et
1321 2036 1466 2107 preces,
1494 2036 1565 2108 pro
1589 2009 1740 2107 privato

400 2153 596 2229 dumtaxat
621 2152 785 2229 fidelium
813 2180 895 2241 usu,
927 2152 1171 2251 publicentur.

479 2299 641 2374 Retenta
668 2299 820 2395 insuper
848 2324 921 2407 non
942 2313 1029 2372 sunt
1047 2296 1227 2394 opuscula
1252 2298 1438 2394 quaedam
1457 2295 1564 2386 levia,
1584 2297 1734 2385 insulsa,

397 2442 670 2540 superstitiosa,
699 2440 950 2539 indulgentias
974 2439 1087 2514 salsas
1106 2454 1146 2513 et
1162 2438 1398 2537 apocryphas
1416 2438 1627 2514 iactitantia.
1651 2438 1737 2514 Hae

396 2586 495 2660 enim
513 2587 797 2683 superstitiones
816 2610 860 2658 ac
879 2585 1009 2659 neniae
1028 2583 1120 2659 satis
1139 2584 1313 2659 exclusae
1332 2599 1419 2657 sunt
1434 2583 1606 2658 Decretis
1625 2608 1737 2681 gene·

398 2730 535 2804 ralibus
563 2733 634 2805 sub
662 2753 722 2804 nn.
759 2755 815 2817 12,
853 2753 910 2823 13,
947 2734 992 2803 16
1021 2744 1061 2803 et
1093 2750 1152 2822 173
1182 2743 1220 2801 et
1247 2728 1297 2802 ad
1316 2727 1557 2803 eliminandas
1581 2752 1737 2825 apocry-

397 2876 490 2973 phas
523 2874 772 2974 indulgentias
800 2890 952 2971 praesto
981 2890 1068 2949 sunt
1096 2874 1267 2948 omnibus
1294 2873 1496 2948 «Decreta
1524 2872 1736 2948 authentica

400 3017 438 3093 S.
474 3017 790 3117 Congregationis
826 3017 1070 3116 Indulgentiis
1112 3017 1313 3113 Sacrisque
1354 3015 1535 3113 Reliquiis
1575 3038 1737 3112 praepo·

399 3163 493 3237 sitae
512 3191 549 3250 ν,
579 3163 681 3237 edita
707 3163 810 3237 iussu
848 3179 887 3237 et
919 3163 1141 3237 auctoritate
1179 3160 1322 3237 Summi
1355 3159 1555 3245 Pontificis,
1592 3182 1736 3233 necnon

398 3308 603 3381 Decretum
631 3306 715 3381 «de
744 3306 882 3405 regulis
911 3332 978 3381 seu
1006 3307 1145 3381 normis
1174 3307 1223 3381 ad
1251 3305 1526 3404 dignoscendas
1551 3329 1662 3377 veras
1680 3303 1736 3377 in-

397 3448 609 3549 dulgentias
641 3451 690 3524 ab
716 3450 999 3547 apocryphis»,
1029 3451 1079 3526 ab
1111 3450 1244 3524 eadem
1272 3447 1310 3524 S.
1342 3446 1646 3546 Congregatione
1674 3447 1734 3521 die

403 3616 449 3667 10
477 3593 629 3691 augusti
662 3598 761 3684 1899
790 3592 944 3669 editum.

474 3734 622 3810 Accidit
649 3757 723 3811 non
750 3760 846 3823 raro,
868 3750 910 3809 ut
937 3733 973 3808 in
992 3733 1152 3809 Indicem
1181 3733 1408 3809 referrentur
1433 3736 1592 3834 exiguae
1612 3735 1730 3822 molis,

393 3894 459 3954 aut
485 3904 690 3977 paucorum
729 3878 956 3977 quandoque
992 3878 1162 3954 soliorum
1200 3877 1391 3975 opuscula,
1421 3903 1531 3973 quae,
1562 3881 1732 3975 quamvis

395 4021 505 4118 plena
531 4023 665 4096 veneni
691 4036 731 4095 et
758 4020 910 4118 periculi
934 4037 1071 4110 essent,
1095 4036 1219 4095 tamen
1244 4036 1416 4095 currente
1435 4035 1606 4116 tempore
1624 4019 1732 4118 quasi

394 4165 661 4239 vento=ablata
688 4180 786 4251 sunt,
808 4164 860 4238 ita
887 4179 930 4238 ut
958 4166 1030 4238 iam
1057 4165 1129 4251 vix,
1151 4181 1217 4239 aut
1244 4190 1291 4238 ne
1311 4163 1372 4238 vix
1400 4165 1551 4259 quidem
1579 4164 1732 4261 reperiri

395 4309 551 4405 possint.
581 4309 705 4383 Etiam
732 4308 804 4384 ista
831 4309 867 4382 in
905 4332 1042 4383 novum
1070 4308 1232 4383 lndicem
1261 4308 1378 4383 relata
1411 4331 1485 4381 non
1517 4308 1675 4383 suerunt.
1705 4352 1732 4362 -

394 4449 540 4544 Quibus
567 4468 814 4528 accensentur
841 4452 965 4526 omnia
992 4449 1053 4526 illa
1090 4450 1271 4549 opuscula
1303 4451 1523 4548 plerumque
1555 4450 1726 4538 ascetica,

394 4620 492 4692 quae
528 4620 576 4669 ex
610 4595 879 4692 appendicibus
917 4594 1050 4669 lndicis
1087 4595 1289 4668 Innocentii
1318 4593 1372 4667 XI
1409 4611 1449 4669 et
1484 4594 1616 4668 Indicis
1645 4593 1733 4667 Cle-

393 4740 527 4812 mentis
556 4737 611 4811 Xl
637 4739 674 4813 in
693 4738 815 4835 ipsum
834 4737 995 4813 Indicem
1016 4739 1178 4813 deducta
1206 4739 1362 4813 fuerant.
1383 4784 1409 4793 -
1429 4737 1575 4811 Theses
1604 4762 1727 4833 porro,

393 4906 492 4977 quae
526 4882 576 4955 ad
612 4880 879 4978 disputandum
914 4880 950 4954 in
989 4881 1187 4956 academiis
1225 4880 1370 4977 publice
1406 4882 1727 4978 proponebantur,

393 5027 564 5124 quamvis
600 5028 649 5103 ab
680 5028 869 5102 erroribus
905 5026 1089 5101 immunes
1125 5050 1200 5099 non
1234 5026 1321 5110 sint,
1352 5041 1391 5099 et
1424 5050 1538 5122 quum
1571 5026 1730 5121 primum

392 5169 674 5271 evulgabantur,
695 5172 774 5245 iure
794 5170 1002 5266 meritoque
1030 5169 1067 5244 in
1094 5169 1257 5244 Indicem
1275 5170 1436 5244 insertae
1454 5167 1599 5257 fuerint,
1621 5168 1730 5243 omit-
