4309 6534
954 806 1168 855 PRAEFATIO.
1667 801 1729 848 xx1

392 1026 508 1100 fuisse
532 1022 781 1119 corruptelam
814 1023 850 1094 in
884 1022 1096 1096 versionem
1132 1021 1331 1095 inductam.
1362 1018 1399 1091 A
1427 1001 1730 1091 translationibus

393 1188 519 1247 autem
538 1169 777 1246 recensendis
794 1169 1040 1243 abstinuimus
1054 1193 1101 1243 eo
1115 1166 1217 1266 quod
1236 1193 1271 1243 n.
1290 1190 1337 1261 45
1358 1167 1604 1241 Decretorum
1619 1188 1730 1263 gene·

392 1316 523 1390 ralium
550 1314 631 1389 libri
658 1316 707 1388 ab
733 1312 938 1410 apostolica
965 1312 1065 1387 Sede
1093 1314 1267 1395 damnati,
1297 1311 1469 1409 prohibiti
1498 1310 1733 1384 declarantur

394 1464 430 1536 in
459 1463 709 1559 quodcunque
737 1476 931 1537 vertantur
957 1460 1104 1536 idioma.
1136 1462 1387 1557 Exceptiones
1419 1463 1469 1535 ab
1500 1461 1569 1534 bac
1601 1455 1732 1557 regula

394 1605 430 1679 in
459 1606 502 1679 iis
536 1605 657 1680 solum
690 1605 838 1679 casibus
870 1604 989 1678 factae
1024 1619 1131 1689 sunt,
1166 1607 1202 1679 in
1235 1606 1370 1701 quibus
1406 1606 1443 1680 S.
1475 1604 1732 1702 Congregatio

393 1747 569 1845 peculiari
609 1747 763 1822 decreto
805 1762 955 1844 praeter
995 1774 1092 1845 opus
1133 1749 1254 1845 ipsum
1296 1750 1408 1823 etiam
1448 1746 1610 1846 aliquam
1652 1750 1731 1823 eius

394 1890 675 1966 translationem
704 1891 934 1987 proscripsit,
955 1906 995 1966 et
1021 1906 1109 1965 tunc
1127 1892 1246 1967 lector
1263 1919 1360 1990 opus
1388 1893 1510 1988 ipsum
1533 1892 1636 1966 adire
1664 1919 1733 1990 per

394 2038 544 2137 signum
570 2065 603 2113 v.
633 2037 741 2112 titulo
777 2037 958 2113 versionis
1000 2042 1208 2114 subnexum
1250 2056 1435 2115 monetur.
1469 2042 1507 2114 A
1542 2041 1731 2115 vertendis

395 2204 553 2279 operum
590 2180 706 2256 titulis
741 2182 777 2256 in
812 2182 977 2281 linguam
1010 2183 1175 2272 latinam,
1210 2198 1323 2281 prout
1358 2185 1394 2259 in
1421 2183 1732 2282 praecedentibus

395 2326 579 2403 lodicibus
597 2342 834 2413 usuvenerat‚
856 2328 1044 2402 abstinere
1063 2327 1211 2425 placuit,
1232 2355 1326 2413 cum,
1347 2344 1471 2403 utrum
1490 2329 1582 2403 liber
1600 2328 1732 2426 aliquis

395 2470 604 2568 prohibitus
632 2471 690 2556 sit,
720 2498 849 2546 eorum
878 2474 1076 2570 praecipue
1105 2474 1259 2558 intersit,
1290 2473 1353 2568 qui
1381 2498 1466 2546 eum
1494 2473 1621 2570 legere
1648 2497 1732 2569 pos·

396 2628 493 2689 sent.
514 2612 661 2707 Quodsi
679 2630 811 2690 auctor
837 2617 918 2713 ipse
944 2615 1077 2691 librum
1111 2643 1134 2692 a
1163 2642 1204 2691 se
1232 2617 1481 2713 conscriptum
1509 2617 1545 2689 in
1574 2616 1731 2690 diversis

396 2756 505 2830 simul
533 2757 669 2856 linguis
698 2758 866 2840 ediderit,
897 2759 948 2832 ita
975 2774 1018 2833 ut
1043 2760 1106 2833 vix
1133 2759 1201 2834 dici
1230 2761 1360 2857 possit,
1391 2785 1503 2834 unam
1531 2760 1732 2836 editionem

396 2925 484 2974 esse
498 2900 650 2974 alterius
665 2901 1020 2998 interpretationem,
1038 2902 1207 3001 singulae
1222 2902 1404 2977 editiones
1419 2919 1596 3001 tanquam
1611 2928 1733 3001 aeque

397 3044 618 3139 principales
646 3045 681 3118 in
710 3045 870 3120 lndicem
900 3046 1039 3122 relatae
1063 3046 1223 3121 luerunt.

477 3187 701 3286 Aliquando,
735 3189 806 3264 etsi
845 3190 972 3276 rarius,
1010 3190 1116 3266 locus
1153 3207 1192 3266 et
1225 3217 1345 3266 annus
1382 3192 1635 3289 impressionis
1669 3191 1734 3266 ali-

397 3332 501 3405 cuius
528 3331 611 3407 libri
638 3331 723 3406 ideo
752 3333 938 3407 notandus
965 3348 1062 3417 erat,
1096 3359 1173 3430 quo
1200 3336 1250 3408 ab
1275 3333 1356 3414 aliis
1384 3334 1511 3408 similis
1548 3333 1642 3407 tituli
1670 3348 1736 3408 aut

396 3476 607 3573 argumenti
635 3476 917 3549 discerneretur.
946 3474 1124 3550 Ceterum
1143 3477 1415 3551 animadvertat
1441 3476 1560 3550 lector
1586 3476 1734 3571 quoties

396 3645 443 3692 ex
472 3619 629 3694 diversis
656 3619 808 3692 alicuius
840 3620 965 3714 operis
997 3619 1220 3693 editionibus
1254 3644 1328 3693 non
1365 3644 1496 3694 omnes
1528 3617 1734 3715 prohibitae

399 3778 495 3847 sunt,
527 3765 564 3837 id
592 3788 742 3860 semper
769 3764 958 3860 expressis
985 3765 1110 3838 verbis
1138 3764 1332 3839 enuntiari.

478 3907 519 3980 ln
537 3908 790 3982 exscribendis
810 3907 923 3982 titulis
943 3907 1047 4004 ipsos
1075 3921 1249 3982 auctores
1272 3907 1429 3981 fideliter
1456 3909 1573 3982 secuti
1592 3932 1732 3992 sumus,

399 4052 451 4124 ita
479 4065 530 4134 ut,
562 4051 591 4122 si
620 4066 750 4125 auctor
778 4075 914 4125 nomen
942 4075 1049 4124 suum
1079 4050 1383 4147 Barptolomaeus
1409 4049 1568 4146 scripsit,
1597 4063 1636 4123 et
1667 4074 1735 4124 nos

399 4191 488 4266 illud
517 4194 652 4267 eodem
680 4194 793 4266 modo
821 4193 1174 4290 transcripserimus,
1196 4210 1235 4266 et
1254 4194 1284 4265 si
1304 4194 1384 4289 ipse
1407 4194 1442 4266 in
1471 4192 1577 4267 titulo
1605 4194 1733 4289 Libya,

400 4335 458 4409 vel
482 4335 731 4433 phylosophzb,
772 4336 830 4409 vel
864 4336 1073 4423 carzulano,
1104 4336 1162 4409 vel
1190 4338 1327 4409 nrtdme
1355 4352 1393 4409 et
1420 4334 1549 4410 similia
1577 4337 1733 4434 scripsit,

401 4504 469 4552 nos
497 4478 585 4552 illud
614 4479 714 4552 haud
741 4479 1003 4575 corrigendum
1028 4478 1253 4553 duxerimus.
1284 4478 1412 4571 Quare
1432 4505 1541 4553 nemo
1560 4504 1737 4576 praesen-

401 4638 476 4697 tem
513 4622 645 4696 librum
674 4647 721 4695 ex
750 4621 888 4720 regulis
925 4622 1069 4720 logicae
1097 4636 1137 4696 et
1163 4624 1427 4719 grammaticae
1459 4624 1645 4721 corrigere
1673 4637 1738 4697 aut

400 4763 587 4861 corripere
608 4779 745 4860 potest,
767 4764 835 4838 sed
853 4789 900 4837 ex
919 4763 1007 4838 solis
1027 4766 1192 4861 ipsorum
1211 4764 1387 4839 librorum
1406 4765 1581 4862 inspectis
1610 4766 1735 4842 titulis.

402 4907 464 4983 Ab
491 4908 560 4982 hac
589 4906 728 5005 regula,
751 4907 981 5004 exprimendi
1009 4907 1117 4981 scin
1145 4907 1315 4981 omnibus
1343 4908 1525 4981 rationem
1555 4907 1738 4982 scribendi
1810 5006 1814 5014 ι

402 5047 568 5145 ipsorum
596 5063 800 5131 auctorum,
830 5048 865 5120 in
894 5047 983 5121 solis
1011 5049 1224 5122 accentibus
1261 5047 1416 5145 gallicae
1443 5049 1591 5147 linguae
1619 5049 1738 5123 disce·

402 5188 493 5262 dere
521 5187 670 5286 placuit.
700 5188 798 5262 Cum
830 5189 927 5262 enim
954 5189 989 5262 in
1017 5188 1134 5264 veteri
1170 5188 1302 5287 gallica
1338 5191 1519 5266 vocabula
1556 5189 1739 5265 scribendi
