4309 6534
953 780 1010 836 Col
1030 810 1045 821 -
1065 781 1143 837 Com
1691 795 1724 846 91

369 986 469 1050 molin
499 994 559 1052 etc.
584 987 683 1049 Decr.
707 1006 747 1064 ²9
773 1008 843 1051 nov.
868 1005 959 1069 1771.
983 1009 1012 1052 v.
1046 978 1050 1034 l
1082 999 1133 1050 sto
1157 986 1298 1050 Domino
1321 986 1522 1062 famulentur,
1544 986 1729 1067 theologica

368 1096 581 1160 Voltaire.
1047 1105 1050 1194 y
1083 1094 1278 1176 disquisitio.
1317 1095 1428 1175 Atque
1467 1095 1609 1158 omnium
1646 1095 1728 1159 coeli

414 1202 585 1283 eolletta,
595 1203 711 1268 Pietr0.
724 1203 893 1267 Storiadel
910 1222 1015 1266 rcame
1047 1203 1050 1254 l
1083 1202 1258 1281 imaginum
1271 1203 1360 1266 iuxta
1372 1204 1579 1267 christianum
1592 1225 1631 1267 ac
1639 1204 1728 1285 pium

369 1310 405 1372 di
428 1310 544 1390 Napoli
575 1309 628 1372 dal
660 1326 744 1389 1734
768 1310 838 1373 sino
860 1310 892 1371 al
919 1317 1013 1385 1825.
1047 1259 1050 1354 ¹
1082 1330 1212 1373 sensum
1230 1310 1403 1390 allegorica
1418 1313 1595 1392 expositio,
1615 1324 1648 1376 et
1664 1312 1727 1375 alia

370 1417 471 1479 Decr.
494 1435 515 1497 7
547 1419 604 1479 iul.
632 1422 729 1496 1835.
1047 1457 1049 1506 Ι
1084 1419 1124 1481 de
1146 1418 1223 1483 eccl.
1241 1418 1397 1482 hierarch.
1421 1432 1453 1482 et
1477 1420 1518 1481 de
1542 1436 1582 1496 72
1607 1419 1728 1483 Christi

414 1522 534 1593 Collin
545 1527 592 1592 de
599 1524 1015 1611 Plancy,Jacques·Albin·
1083 1527 1196 1607 discip.
1209 1528 1372 1606 opuscula.
1387 1527 1484 1592 Decr.
1497 1546 1537 1588 21
1554 1548 1624 1592 nov.
1637 1532 1727 1606 1689.

368 1632 491 1695 Simon.
511 1632 618 1714 Opera
629 1636 748 1697 omnnia.
766 1632 865 1697 Decr.
881 1652 921 1695 10
935 1637 1013 1713 sept.
1047 1597 1049 1696 i
1127 1634 1314 1715 Comani,
1337 1634 1497 1697 Giovanni
1513 1634 1660 1699 Battista.
1681 1635 1729 1697 La

370 1745 462 1820 1827.
1046 1715 1050 1844 1
1084 1756 1189 1805 mente
1212 1743 1264 1804 del
1284 1742 1385 1806 savio.
1411 1743 1509 1804 Decr.
1535 1741 1570 1806 S.
1600 1743 1665 1824 Off.
1689 1748 1729 1806 26

416 1846 552 1928 [Collin
569 1850 615 1915 de
630 1850 783 1935 Plancy,
800 1847 1016 1929 Jacques-Al·
1046 1847 1049 1918 l
1081 1848 1167 1927 febr.
1192 1868 1281 1931 1704.

369 1955 586 2037 bin-Simon].
613 1978 643 2019 v.
676 1954 1013 2030 Saint-Acheul,
1047 1923 1050 2012 i
1122 1956 1663 2036 —Politicaereligionetrovate
1684 1956 1729 2019 in·

366 2063 471 2144 Julien
502 2063 552 2128 de.
584 2065 688 2127 Taxes
720 2063 777 2126 des
812 2063 932 2143 parties
967 2083 1015 2125 ca·
1047 2039 1049 2090 ¹
1082 2065 1179 2128 sieme
1191 2064 1274 2127 nella
1286 2084 1433 2145 persona,
1449 2064 1560 2144 parole
1571 2064 1612 2127 ed
1624 2064 1728 2128 azioni

370 2171 497 2234 suelles.
1046 2143 1050 2286 ξ
1082 2172 1115 2235 di
1128 2168 1226 2235 Giesit
1243 2171 1349 2235 Cristo
1371 2172 1516 2236 secondo
1537 2170 1728 2251 l'evangelio

413 2276 570 2358 Collina,
583 2278 755 2359 Giuseppe.
781 2279 827 2340 La
844 2276 1014 2340 Laostenia
1047 2319 1049 2340 ÷
1083 2280 1116 2341 di
1139 2300 1197 2342 san
1220 2279 1390 2344 Giovanni.
1415 2279 1514 2342 Decr.
1539 2279 1574 2341 S.
1599 2280 1663 2362 Off.
1688 2298 1729 2341 12

368 2405 489 2447 ovvero
500 2383 764 2448 dell'imminente
775 2384 917 2466 pericolo
930 2385 1015 2447 della
1047 2387 1050 2464 i
1082 2390 1167 2448 maii
1187 2404 1277 2467 1711.

368 2489 478 2555 civilta
500 2512 640 2572 europea
663 2513 681 2554 e
705 2490 884 2555 dell’unico
906 2511 1015 2554 mezzo
1046 2468 1049 2563 l
1128 2529 1169 2541 -
1185 2494 1231 2555 La
1255 2494 1419 2556 coscienza
1443 2492 1619 2557 illuminata
1642 2494 1728 2557 dalla

368 2597 454 2660 della
475 2620 534 2661 sua
557 2599 702 2663 salvezza
725 2621 743 2662 e
766 2599 1012 2679 rigenerazione.
1046 2577 1049 2664 i
1083 2600 1222 2680 teologia
1247 2601 1280 2662 di
1303 2622 1360 2663 san
1383 2602 1523 2664 Tomaso
1551 2599 1727 2683 d'Aquino.

370 2706 470 2768 Decr.
494 2725 534 2783 13
548 2706 639 2786 febr.
664 2711 754 2784 1838.
1046 2709 1049 2774 ἔ
1083 2708 1181 2771 Decr.
1207 2726 1232 2786 5
1254 2713 1352 2772 marl.
1378 2727 1467 2789 1714.

412 2812 1019 2894 [CollingAnthonyhmDiscourse
1046 2847 1049 2898 i
1128 2852 1171 2866 -
1195 2817 1241 2878 La
1264 2816 1384 2879 morale
1409 2817 1460 2878 dei
1477 2815 1612 2897 principi
1626 2833 1729 2879 osser·

368 2921 420 2999 (a)
443 2919 480 2981 ol
496 2920 738 3000 free-thinking.
1046 2911 1049 2952 ¹
1083 2935 1158 2985 vata
1173 2920 1247 2987 nell'
1256 2923 1366 2987 istoria
1389 2923 1421 2985 di
1446 2923 1521 2987 tutti
1541 2922 1728 3004 gl'impera·

414 3027 532 3107 001111,
546 3028 723 3091 Salvatore.
742 3029 946 3109 Intelligenza
962 3025 1014 3091 de'
1083 3030 1165 3105 dori,
1178 3031 1238 3093 che
1253 3050 1435 3110 regnarono
1446 3031 1478 3093 in
1495 3033 1610 3095 Roma.
1627 3031 1727 3094 Decr.

368 3134 491 3197 misteri
516 3134 683 3216 principali
711 3136 794 3198 della
818 3136 889 3199 sede
912 3146 1014 3200 catto-
1046 3159 1049 3246 ἰ
1083 3140 1211 3201 anian.
1237 3144 1325 3220 1716.

369 3241 441 3306 lica.
466 3243 565 3307 Decr.
589 3243 624 3306 S.
654 3244 718 3324 Off.
741 3263 781 3321 19
802 3250 881 3326 sept.
905 3249 1009 3322 1855.
1047 3265 1049 3324 j
1122 3280 1166 3294 —
1189 3247 1216 3308 F
1217 3246 1339 3308 ilosoha
1361 3261 1394 3310 et
1417 3267 1526 3309 amore
1555 3247 1637 3309 nella
1660 3268 1729 3310 rac-

414 3349 658 3437 †Collyrium
673 3352 846 3449 Theodoro
867 3351 908 3413 de
924 3351 1014 3414 Cock
1047 3331 1049 3380 ¹
1083 3353 1168 3415 colta
1185 3350 1321 3415 d'aleuni
1338 3354 1465 3417 sonetti.
1483 3355 1581 3418 Decr.
1597 3373 1638 3436 ²7
1652 3362 1726 3437 apr.

369 3458 459 3520 dono
470 3458 602 3520 missum
614 3479 671 3538 per
684 3459 727 3520 M.
742 3459 785 3522 M.
797 3461 838 3522 A.
852 3460 885 3522 P.
899 3458 934 3522 C.
947 3479 1015 3521 cor·
1047 3499 1049 3504 -
1085 3466 1176 3541 1716.

370 3563 423 3626 dis
438 3564 587 3639 amicitia,
609 3581 702 3644 1704.
716 3567 821 3629 Brevi
837 3564 935 3631 Clcm.
952 3565 1014 3629 XI.
1047 3625 1050 3652 3
1128 3568 1288 3635 Combat
1309 3568 1368 3650 (le)
1392 3568 1433 3630 de
1455 3566 1587 3631 l'erreur
1616 3581 1729 3632 contre

368 3690 391 3749 4
413 3676 469 3734 oct.
494 3689 584 3751 1707.
1048 3753 1050 3758 Ι
1083 3673 1114 3736 11
1136 3672 1252 3749 neritia
1277 3675 1359 3738 suite
1384 3675 1427 3737 du
1452 3673 1602 3755 parallele
1632 3674 1728 3738 dela

415 3778 609 3860 Colnerus,
629 3782 773 3844 loannes.
798 3780 1016 3860 Chronologia
1048 3771 1051 3794 '
1084 3781 1228 3843 doctrine
1259 3780 1456 3845 condamnde
1491 3804 1549 3863 par
1581 3784 1611 3845 la
1642 3782 1728 3847 bulle

368 3896 403 3947 et
436 3899 639 3965 syncrotema
673 3899 831 3968 papatus,
860 3907 942 3967 quae
976 3908 1015 3948 ex
1048 3871 1051 3974 ¹
1089 3887 1286 3967 Unigenitus
1302 3909 1380 3950 avec
1402 3889 1481 3951 celle
1499 3889 1557 3952 des
1572 3888 1727 3951 ecrivains

368 3992 466 4055 avitis
496 3995 631 4075 aliisque
655 3996 805 4057 veridicis
831 3996 1016 4058 auctoribus
1048 4045 1051 4102 μ
1083 3992 1207 4068 sacres,
1232 3993 1289 4056 des
1317 3992 1409 4073 peres
1432 4008 1464 4057 et
1488 3995 1545 4058 des
1576 3996 1728 4057 docteurs

369 4099 433 4161 luci
457 4100 558 4165 dedit.
583 4103 681 4166 Decr.
707 4109 952 4181 23n0v.1694.
1048 4111 1050 4178 ¹
1084 4101 1125 4162 de
1152 4099 1172 4162 l’
1182 4099 1293 4180 eglise.
1316 4102 1414 4165 Decr.
1443 4102 1478 4166 S.
1508 4102 1570 4184 Off.
1595 4119 1621 4180 5
1647 4106 1726 4184 sept.

416 4206 596 4288 Colonna,
613 4209 736 4287 Biagio.
753 4210 799 4271 La
816 4211 916 4272 dilesa
932 4209 1016 4272 della
1048 4207 1050 4262 !
1084 4226 1180 4287 1753.
1204 4229 1234 4272 v.
1258 4208 1379 4284 Pean,
1406 4211 1445 4272 Ν.

369 4313 478 4376 chiesa
512 4336 609 4393 greca
642 4316 860 4379 ultimamente
885 4318 1016 4380 assalita
1047 4269 1050 4400 1
1124 4316 1285 4397 Combe,
1308 4318 1446 4396 Georgo.
1478 4318 1634 4380 Nouveau
1664 4338 1729 4379 ma-

369 4419 414 4482 da
426 4419 605 4485 Comenido
616 4424 774 4487 Reaixtei.
789 4425 886 4485 Decr.
899 4424 936 4488 S.
950 4424 1013 4505 Off.
1047 4407 1050 4456 ¹
1082 4424 1156 4486 nuel
1168 4423 1208 4485 de
1224 4424 1442 4505 phrenologie,
1458 4425 1579 4487 traduit
1595 4424 1638 4487 de
1652 4422 1729 4487 l’an·

370 4545 413 4605 27
434 4534 508 4608 apr.
532 4534 621 4606 1803.
1047 4473 1050 4562 ¹
1082 4531 1164 4609 glais
1180 4544 1213 4593 et
1228 4531 1399 4612 augmente
1422 4530 1617 4597 d’additions
1641 4553 1729 4596 nom·

417 4633 631 4716 ColumbuS,
648 4639 873 4719 Hieronymus.
895 4640 946 4702 De
961 4661 1014 4701 an·
1083 4640 1212 4702 breuses
1243 4651 1274 4701 et
1305 4641 1345 4702 de
1373 4653 1465 4703 notes
1494 4663 1552 4721 par
1580 4643 1609 4722 J.
1633 4642 1729 4704 Fos-

368 4739 473 4818 gelica
504 4754 536 4804 et
559 4744 698 4805 humana
730 4746 918 4820 hierarchia,
942 4746 1015 4809 libri
1048 4773 1050 4784 =
1084 4746 1179 4808 sati.
1204 4747 1302 4810 Decr.
1328 4767 1368 4826 14
1383 4748 1473 4827 febr.
1498 4754 1587 4829 1837.

370 4859 458 4911 octo.
482 4848 582 4914 Decr.
606 4858 646 4913 16
668 4857 746 4933 sept.
760 4859 799 4914 16
800 4870 854 4929 59.
1131 4853 1310 4922 comedia
1339 4855 1517 4934 piacevole:
1546 4857 1630 4918 della
1652 4876 1730 4918 vera

417 4989 463 5000 —
485 4956 521 5017 111
543 4969 686 5020 sanctam
714 4959 785 5019 lesu
810 4958 928 5020 Christi
959 4959 1015 5021 filii
1084 4961 1188 5022 antica
1205 4982 1337 5024 romana
1357 4962 1491 5025 catolica
1508 4974 1540 5025 et
1555 4964 1731 5043 apostolica

369 5061 434 5123 Dei
463 5064 672 5139 temporalem
697 5064 912 5140 nativitatem,
938 5085 1016 5146 quo·
1047 5083 1050 5176 Α
1084 5068 1200 5142 chiesa,
1213 5069 1296 5131 nella
1309 5070 1402 5150 quale
1415 5068 1729 5148 dagl'interlocutori

369 5187 446 5231 111111
463 5180 559 5249 pacto
574 5170 721 5250 planetae
743 5183 776 5233 et
791 5171 909 5250 sydera
926 5170 1014 5234 Chri·
1047 5183 1051 5259 ᾗ
1083 5196 1232 5256 vengono
1263 5177 1426 5258 disputate
1453 5178 1620 5258 espedite
1646 5189 1730 5243 tutte
