4309 6534
866 816 1048 862 nsnsotcm
1071 817 1185 862 PAPAE
1206 818 1277 863 x1v.
1708 804 1749 866 23

395 1013 501 1077 seriae
522 1013 664 1096 quintae
683 1014 882 1079 habendum
903 1015 1107 1095 decreverit,
1129 1017 1222 1099 quod
1239 1035 1344 1098 saepe
1364 1036 1386 1079 a
1406 1018 1506 1081 nobis
1526 1019 1657 1083 sactum
1678 1019 1750 1099 fuit,

394 1157 429 1212 et
450 1148 587 1231 quoties
607 1149 657 1212 ita
676 1150 840 1231 expedire
867 1150 1117 1231 iudicavimus,
1142 1150 1178 1214 in
1205 1160 1384 1233 posterum
1409 1169 1546 1234 quoque
1567 1152 1642 1233 fiet,
1668 1162 1751 1216 tunc

394 1283 480 1347 satis
500 1283 604 1348 fuerit
625 1284 788 1349 exhibere
809 1285 967 1349 Pontifici
987 1295 1022 1349 et
1043 1285 1285 1351 Cardinalibus
1305 1286 1383 1350 libri
1404 1305 1589 1368 censuraS,
1616 1297 1650 1352 et
1675 1306 1753 1351 con·

393 1424 567 1486 sultorum
594 1422 776 1505 suffragia,
802 1423 930 1486 omisso
959 1424 1118 1487 examine
1147 1423 1428 1506 congregationis
1457 1423 1563 1487 seriae
1590 1433 1751 1506 quartae,

394 1552 538 1633 eiusque
551 1553 729 1633 relatione,
745 1571 850 1635 quam
870 1572 933 1635 per
953 1573 1167 1619 assessorem
1184 1555 1342 1619 Pontifici
1364 1554 1557 1620 faciendam
1585 1555 1752 1620 diximus:

392 1703 475 1748 nam
490 1684 727 1750 Cardinalium
748 1687 924 1770 suffragiis
938 1705 1057 1752 coram
1072 1688 1148 1770 ipso
1162 1689 1328 1753 Pontifice
1350 1689 1509 1769 ferendiS,
1524 1697 1630 1771 atque
1650 1690 1754 1755 huius

392 1820 571 1884 definitiva
591 1823 772 1903 sententia,
794 1825 852 1887 vel
873 1823 942 1887 alio
967 1832 1163 1905 opportuno
1188 1824 1332 1888 consilio
1352 1824 1388 1887 in
1410 1824 1533 1887 eadem
1554 1824 1754 1908 Congrega-

392 1955 488 2019 tione
509 1956 687 2038 capiendo,
709 1975 767 2021 res
787 1958 998 2023 absolvetur.

472 2092 492 2171 §
511 2094 541 2155 6.
563 2090 687 2155 Altera
706 2110 845 2174 quoque
866 2092 992 2156 Indicis
1013 2092 1248 2176 Congregatio
1272 2095 1391 2174 plures
1411 2094 1654 2175 complectitur
1675 2093 1754 2158 Car-

392 2224 528 2289 dinales
548 2224 614 2306 ipsi
627 2243 649 2288 a
662 2223 829 2288 Pontifice
844 2223 1047 2305 adscriptos,
1062 2224 1254 2305 iisdemque
1275 2224 1413 2288 dotibus
1430 2225 1614 2306 praeditos
1630 2226 1754 2307 quibus

392 2360 507 2424 sancti
526 2359 638 2423 Officii
658 2359 862 2423 Cardinales
876 2361 1007 2442 pollere
1022 2361 1152 2439 solent,
1174 2377 1281 2441 quum
1296 2359 1401 2423 etiam
1422 2378 1543 2424 eorum
1564 2360 1698 2442 aliquos
1718 2360 1754 2424 in

392 2507 542 2579 utraque
563 2496 845 2580 Congregatione
866 2498 983 2561 locum
998 2499 1127 2561 habere
1141 2497 1330 2579 contingat.
1352 2497 1405 2560 Ex
1426 2496 1468 2560 iis
1488 2514 1578 2561 unus
1599 2498 1753 2562 eiusdem

392 2630 685 2715 Congregationis
706 2632 908 2696 Praefectus
935 2632 1068 2713 existit,
1090 2632 1257 2696 assistens
1283 2651 1369 2696 vero
1396 2642 1585 2714 perpetuus
1613 2643 1666 2698 est
1687 2634 1755 2697 Ma-

394 2764 506 2847 gister
526 2766 618 2829 sacri
638 2765 772 2847 palatii;
797 2765 1007 2830 secretarius
1031 2775 1149 2830 autem
1170 2784 1191 2829 a
1212 2767 1323 2848 prima
1351 2766 1641 2849 Congregationis
1664 2767 1755 2831 insti·

395 2899 529 2963 tutione
550 2899 710 2982 usquein
724 2909 944 2982 praesentem
965 2901 1057 2964 diem
1079 2919 1123 2963 ex
1144 2898 1273 2963 Ordine
1295 2899 1457 2964 Fratrum
1471 2900 1755 2965 Praedicatorum

394 3050 416 3095 a
435 3050 575 3096 summo
596 3033 762 3097 Pontifice
789 3052 853 3115 pro
881 3042 1038 3116 tempore
1066 3034 1149 3116 eligi
1176 3035 1367 3099 consuevit.
1392 3035 1480 3100 Sunt
1508 3045 1690 3117 praeterea
1711 3055 1756 3099 ex

395 3174 545 3247 utroque
566 3167 661 3229 clero
681 3167 868 3247 saeculari,
894 3177 928 3230 et
952 3167 1107 3250 regulari
1131 3168 1287 3232 eiusdem
1308 3168 1598 3252 Congregationis
1623 3171 1756 3234 consul·

393 3308 496 3378 tores,
519 3307 555 3362 et
575 3300 745 3364 relatores
765 3301 900 3381 selecti;
922 3301 1127 3383 etquidem,
1150 3302 1209 3366 ubi
1233 3302 1545 3400 aliquislibrorum
1566 3304 1753 3368 relationes

394 3451 515 3497 coram
543 3435 815 3517 congregatione
842 3436 966 3515 semel,
993 3435 1061 3515 bis,
1087 3437 1191 3500 tertio
1220 3436 1438 3499 laudabiliter
1466 3438 1654 3520 peregerit,
1680 3445 1756 3500 tum

393 3570 468 3652 ipsa
489 3570 718 3653 congregatio
739 3571 943 3635 Pontificem
963 3589 1091 3654 rogare
1112 3573 1216 3651 solet,
1238 3581 1276 3634 ut
1298 3572 1373 3636 eius
1393 3573 1601 3635 auctoritate
1622 3573 1658 3635 in
1679 3590 1756 3634 con·

395 3707 568 3770 sultorum
588 3724 774 3771 numerum
795 3707 975 3772 reseratur.

473 3843 493 3922 ξ
514 3844 543 3905 7.
564 3841 636 3906 Sub
655 3843 731 3925 ipsa
751 3843 980 3907 Pontificatus
1001 3843 1110 3907 nostri
1134 3842 1332 3924 primordia,
1354 3862 1396 3905 ea
1417 3861 1481 3907 nos
1502 3843 1605 3906 subiit
1626 3843 1756 3926 cogita-

397 3978 452 4059 tio,
473 3987 514 4043 ut
536 3986 669 4043 certam
689 3979 851 4061 aliquam,
867 3988 902 4042 et
915 3978 1168 4043 immutabilem
1189 3980 1392 4043 methodum
1413 3998 1476 4061 pro
1494 3980 1654 4044 examine
1674 3982 1756 4045 iudi·

398 4115 520 4197 cioque
536 4114 704 4179 librorum
717 4116 752 4179 in
767 4117 833 4180 hac
849 4114 975 4179 Indicis
989 4114 1270 4197 Congregatione
1289 4115 1498 4179 servandam
1513 4124 1755 4179 statueremus.

399 4253 472 4334 Qua
486 4253 532 4317 de
546 4271 585 4317 re
599 4271 670 4317 non
691 4254 795 4316 modo
816 4253 999 4317 consilium
1020 4252 1270 4333 exquisivimus
1291 4251 1408 4315 dilecti
1429 4251 1488 4315 filii
1503 4252 1614 4315 nostri
1628 4252 1756 4334 Angeli

400 4389 528 4452 Mariae
549 4397 692 4451 sanctae
706 4405 872 4452 romanae
893 4387 1070 4452 Ecclesiae
1092 4386 1286 4452 Cardinalis
1301 4387 1434 4468 Quirini
1454 4388 1653 4468 nuncupati,
1672 4387 1757 4450 eius-

400 4523 476 4587 dem
497 4532 642 4587 sanctae
669 4540 835 4587 romanae
855 4521 1032 4585 Ecclesiae
1062 4521 1330 4601 bibliothecarii,
1355 4533 1390 4587 et
1419 4523 1532 4586 dictac
1557 4521 1757 4604 Congrega-

401 4656 499 4720 tionis
520 4656 705 4736 Praefecti,
731 4656 790 4737 qui
817 4656 893 4737 pari
921 4654 1104 4736 prudentia
1125 4663 1161 4717 et
1182 4655 1341 4718 doctrina
1369 4673 1470 4718 suum
1496 4655 1595 4719 nobis
1616 4672 1756 4719 sensum

402 4787 527 4870 scripto
548 4787 748 4867 declaravit,
770 4805 895 4851 verum
917 4786 1021 4850 etiam
1046 4786 1259 4869 antiquiores
1279 4788 1410 4869 aliquot
1431 4787 1586 4852 eiusdem
1605 4786 1758 4870 Congre-

404 4920 549 5002 gationis
570 4912 788 4985 consultores
809 4938 928 4984 coram
949 4920 1077 4985 dilecto
1098 4920 1168 4984 lilio
1190 4920 1335 5002 Iosepho
1357 4921 1555 5004 Augustino
1580 4921 1673 5002 Orsi,
1695 4921 1758 4986 Or-

404 5054 487 5120 dinis
512 5054 816 5135 Praedicatorum,
844 5065 928 5119 tunc
959 5055 1066 5137 ipsius
1098 5054 1388 5137 Congregationis
1425 5055 1632 5135 secretari0,
1664 5072 1757 5118 nunc

405 5202 516 5257 autem
536 5192 658 5274 palatii
677 5190 859 5275 apostolici
879 5190 1056 5274 Magistro,
1080 5190 1267 5254 convenire
1291 5188 1463 5270 iussimus,
1485 5207 1653 5272 suamque
1681 5207 1757 5252 sen-
