4309 6534
911 823 977 876 Pau
996 851 1012 861 -
1032 823 1097 876 Pen
1626 831 1677 883 235

318 1036 503 1102 risdictioue
535 1034 658 1115 imperii
690 1033 811 1095 romani
833 1033 906 1096 libri
930 1034 969 1098 11.
1076 1030 1196 1112 [Pelli,
1219 1030 1405 1111 Giuseppe].
1427 1050 1457 1093 v.
1481 1025 1684 1107 Dialoghi

320 1146 416 1209 Decr.
441 1142 478 1207 S.
507 1141 569 1223 Off.
593 1161 614 1221 4
635 1161 705 1205 nov.
726 1146 814 1206 1608.
1030 1138 1159 1218 (nuovi)
1183 1137 1303 1200 italiani
1327 1134 1378 1199 de‘
1391 1136 1497 1199 morti.

364 1253 523 1333 [Pauw‚
559 1246 715 1311 Comeille
750 1248 814 1327 de].
838 1268 868 1313 v.
892 1249 968 1313 Re·
1075 1244 1261 1324 Pelliccia,
1283 1244 1421 1323 Angelo.
1446 1243 1507 1305 Del
1528 1240 1684 1322 principio

318 1357 520 1420 cherches
551 1354 815 1435 philosophiques
845 1375 900 1417 sur
926 1356 972 1419 les
1031 1354 1235 1416 moderatore
1257 1351 1339 1415 della
1356 1351 1475 1414 morale
1498 1349 1684 1431 pubblioee

319 1462 526 1526 Americains.
1031 1461 1115 1524 della
1138 1459 1285 1540 pubblica
1301 1457 1412 1522 salute.
1434 1458 1531 1522 Decr.
1547 1475 1586 1534 13
1592 1455 1682 1536 febr.

363 1568 563 1651 [Pavillom
587 1568 742 1649 Nicolas].
767 1589 796 1633 v.
814 1570 972 1633 Mando
1031 1574 1127 1647 1854.

318 1691 426 1740 ment
464 1679 505 1739 de
543 1676 766 1755 monseigneur
796 1673 817 1737 l’
833 1675 971 1758 evesque
1076 1674 1341 1755 Pellizzarius,
1380 1674 1577 1737 Franciscus.
1615 1672 1684 1734 Ma-

318 1782 436 1848 d’Alet.
1031 1783 1123 1845 nuale
1157 1781 1361 1861 regularium.
1398 1782 1497 1845 Decr.
1532 1800 1573 1843 20
1609 1786 1683 1861 apr.

363 1892 492 1972 [Pean,
509 1893 575 1972 N].
600 1913 629 1957 v.
647 1889 822 1954 Combat
848 1891 909 1971 (le)
931 1892 972 1955 de
1031 1897 1127 1968 1651.

318 1996 448 2061 l’erreur
472 2014 582 2061 contre
604 1999 634 2060 la
658 1996 767 2063 veriti.
1064 2033 1108 2047 -
1120 1995 1141 2041 *
1155 1997 1319 2060 Tractatio
1338 1998 1380 2059 de
1400 1996 1600 2059 monialibus.
1621 1994 1685 2056 Do·

362 2105 616 2185 Pearsonius,
651 2107 792 2169 loannes.
831 2106 971 2171 Annales
1030 2126 1087 2167 nec
1108 2106 1230 2184 corrig.
1254 2105 1351 2167 Decr.
1369 2122 1387 2181 3
1407 2109 1504 2167 mart.
1527 2108 1621 2180 1692:
1645 2120 1685 2162 ra

319 2213 510 2295 Cyprianici.
536 2234 565 2277 v.
583 2212 872 2296 Cyprianus(s.).
889 2215 972 2295 Ope
1031 2215 1098 2276 ron.
1111 2219 1200 2291 [694.
1218 2212 1426 2273 Permittitur
1439 2212 1536 2273 editr'o
1550 2228 1685 2272 romana

319 2342 353 2382 ra
377 2320 540 2400 recognita
555 2333 587 2382 et
603 2320 794 2383 illustrataa
818 2323 971 2386 Ioanne
1030 2322 1236 2398 anni1755.
1649 2363 1651 2368 ,

320 2428 454 2491 Fello.
1075 2460 1119 2473 —
1141 2424 1289 2487 Trattato
1313 2424 1394 2486 delle
1417 2423 1580 2504 principali
1607 2421 1685 2485 obli·

362 2570 407 2581 —
429 2535 483 2597 An
505 2535 684 2615 exposition
718 2537 756 2598 os
780 2535 835 2598 the
858 2534 969 2602 Creed.
1031 2532 1157 2611 gazioni
1196 2531 1277 2592 delle
1315 2531 1470 2593 monache
1502 2551 1521 2594 e
1556 2528 1687 2610 special·

320 2643 416 2706 Decr.
441 2661 460 2721 7
485 2645 553 2706 iun.
577 2660 667 2722 1707.
1032 2654 1137 2702 mente
1168 2638 1242 2700 delli
1273 2652 1321 2700 tre
1351 2638 1428 2701 voti.
1457 2638 1602 2700 Estratto
1632 2634 1685 2698 dal

364 2748 598 2829 [Peccerill0‚
622 2750 823 2831 Francesco].
841 2773 870 2815 v.
895 2752 972 2814 Ra·
1031 2759 1164 2810 trattato
1188 2747 1238 2807 De
1264 2744 1473 2821 Monialibus,
1498 2767 1516 2808 e
1543 2744 1687 2809 tradotto

318 2856 436 2934 gioni
459 2876 516 2935 per
545 2856 576 2917 la
606 2856 798 2919 redelissima
829 2858 907 2922 citra
939 2860 972 2922 di
1033 2854 1074 2916 da
1103 2855 1341 2917 Francesco
1364 2851 1562 2918 Veniero.
1587 2851 1685 2916 Decr.

318 2963 444 3043 Napoli.
1032 2979 1077 3040 15
1099 2967 1178 3042 sept.
1202 2978 1292 3040 1721.

363 3070 546 3151 [Pecchi0‚
570 3070 756 3153 Giuseppe].
773 3094 802 3137 v.
827 3072 973 3136 Osser·
1076 3069 1208 3148 Penei,
1230 3068 1482 3150 Jean-Francois.
1503 3068 1686 3131 Testament

317 3178 483 3240 vazioni
508 3178 689 3243 semi-serie.
1033 3174 1178 3255 spirituel
1209 3173 1355 3255 imprime
1386 3195 1441 3237 sur
1470 3177 1501 3238 la
1531 3176 1623 3257 copie
1646 3175 1688 3237 de

361 3285 562 3366 Peguleti,
598 3285 760 3351 Nicolaus.
804 3287 973 3351 Tractatus
1033 3297 1116 3346 cette
1131 3296 1202 3345 acte
1217 3280 1326 3360 sigule
1349 3283 1389 3344 de
1412 3283 1442 3344 la
1464 3284 1548 3345 main
1572 3284 1616 3345 du
1638 3283 1687 3345 dit

318 3391 552 3470 probabilitatis
575 3413 614 3454 ex
642 3392 806 3473 principiis
829 3394 974 3475 antiquo·
1033 3391 1118 3452 sieut
1141 3388 1226 3453 cure.
1251 3391 1347 3453 Decr.
1371 3390 1409 3453 S.
1439 3389 1502 3472 Off.
1526 3409 1566 3451 11
1588 3395 1686 3454 mart.

318 3518 388 3558 rum
411 3499 617 3577 compositus,
636 3499 667 3560 in
683 3518 749 3579 quo
765 3500 973 3578 probabilitas
1034 3516 1127 3577 1744.

319 3605 350 3666 in
365 3625 491 3683 genere,
508 3604 651 3685 aequalis
675 3617 707 3668 et
730 3605 834 3669 minor
853 3627 910 3686 per
924 3594 971 3682 ea{
1076 3604 1246 3673 Pensees
1268 3602 1345 3667 d’un
1372 3605 1542 3684 magistrat
1572 3624 1627 3668 sur
1656 3604 1688 3667 la

318 3732 400 3791 quae
416 3713 592 3775 docuerunt
608 3712 741 3794 antiqui,
759 3712 972 3779 stabiliuntur.
1035 3712 1230 3776 declaration
1253 3713 1309 3793 qui
1332 3713 1401 3775 doit
1423 3711 1492 3776 etre
1514 3711 1624 3793 ponte
1645 3732 1688 3776 au

318 3818 416 3883 Decr.
440 3838 479 3895 13
501 3822 587 3880 nraii
609 3838 697 3900 1710.
1034 3819 1219 3899 parlement.
1253 3820 1419 3898 Decr.15
1445 3823 1686 3901 abn.1725.o.

361 3927 557 4006 Pellem,
580 3924 842 4008 Christopborus.
869 3929 973 3992 Politi·
1034 3928 1220 4007 Duguet‚
1245 3928 1523 4009 JacquesJoseph.

317 4054 373 4095 cus
404 4033 575 4097 sceleratus
607 4035 830 4115 impugnatus;
859 4036 892 4099 id
923 4049 972 4100 est
1077 4033 1250 4100 Pensieri
1280 4054 1376 4115 sopra
1406 4035 1437 4096 la
1466 4034 1610 4116 capacitl
1636 4035 1688 4098 ei

318 4141 541 4220 compendium
577 4142 722 4221 politices
760 4162 878 4205 novum
912 4147 973 4207 sub
1034 4141 1137 4204 diritti
1160 4141 1219 4202 che
1243 4141 1349 4203 banno
1372 4142 1382 4203 i
1406 4140 1521 4221 collegi
1544 4141 1689 4204 ecclesia·

317 4248 480 4310 schemate
502 4248 640 4311 hominis
663 4249 784 4329 politici
804 4249 973 4331 aliquoties
1033 4248 1106 4312 stici
1139 4267 1158 4310 ο
1189 4248 1261 4311 laici
1293 4250 1326 4311 di
1357 4250 1528 4329 possedere
1558 4248 1630 4313 beni
1657 4248 1689 4311 in

317 4355 451 4417 antehac
482 4355 614 4431 editum,
638 4376 722 4418 nunc
747 4357 833 4420 notis
855 4357 974 4438 ubique
1033 4376 1169 4419 comune
1198 4377 1216 4418 e
1240 4376 1335 4436 sopra
1364 4356 1395 4420 le
1420 4356 1606 4419 alienazioni
1636 4356 1689 4419 dei

317 4474 413 4541 atque
448 4462 606 4525 stricturis
640 4462 843 4528 illustratum.
876 4464 973 4529 Decr.
1034 4464 1209 4528 medesimi.
1235 4464 1332 4528 Decr.
1356 4470 1396 4527 26
1426 4486 1504 4544 aug.
1529 4469 1589 4527 180
1590 4481 1624 4542 5.
1657 4485 1687 4529 v.

317 4570 439 4632 niul.
464 4572 555 4646 1684.
1035 4570 1249 4647 Palmieri,
1275 4572 1446 4636 Vincenzo.

362 4710 405 4724 —
429 4697 458 4739 v.
476 4674 682 4756 Klockius‚
698 4676 830 4759 Caspar.
846 4678 975 4740 Tracta·
1076 4677 1285 4745 *Pensieri
1308 4680 1342 4742 di
1365 4701 1407 4741 un
1422 4679 1591 4743 lombardo
1606 4678 1689 4742 sulla

318 4792 370 4843 tus
406 4782 975 4864 iuridicopoliticopolemicohisto
1033 4807 1164 4849 essenza
1198 4787 1315 4850 sociale
1349 4787 1436 4867 degli
1474 4787 1595 4850 uomini
1632 4806 1690 4867 per

318 4889 403 4951 ricus
428 4890 468 4952 de
491 4892 625 4955 aerario.
1033 4893 1129 4973 legge
1160 4894 1193 4956 di
1216 4907 1329 4956 natura
1352 4915 1370 4956 e
1393 4893 1571 4958 correlativi
1602 4894 1691 4956 ordi·

360 4997 545 5077 Pelletam
566 4996 706 5076 Eugene.
733 4995 909 5063 Proiession
933 5002 975 5063 de
1033 5001 1183 5064 namenti.
1221 5001 1330 5064 Donec
1358 5005 1479 5081 corrig.
1516 5000 1613 5065 Decr.
1648 5018 1690 5081 ²7

317 5104 359 5166 soi
391 5105 435 5166 du
466 5103 700 5168 dix-neuvieme
734 5103 838 5171 siecle.
875 5108 973 5172 Decr.
1033 5129 1104 5172 nov.
1128 5114 1217 5187 1840.

318 5229 357 5273 ιο
380 5212 443 5275 dec.
466 5216 562 5289 1853.
1076 5213 1358 5301 *pentalogus
1382 5217 1599 5299 diaphoricus‚
1623 5216 1691 5279 sive
