4309 6534
389 778 430 842 26
954 793 1170 839 cousnrvno

389 997 446 1059 vel
465 994 548 1076 ipse,
562 1002 623 1058 aut
643 996 733 1059 alter
753 1012 816 1075 pro
837 1012 879 1058 eo
899 1012 1017 1077 agens,
1032 993 1223 1057 iniunctam
1245 991 1497 1057 correctionem
1518 990 1598 1056 libri
1615 991 1741 1055 detrec-

388 1137 447 1209 tet,
469 1147 625 1212 congruo
647 1128 787 1193 definito
802 1138 958 1210 tempore
980 1129 1160 1193 decretum
1180 1129 1312 1192 edatur.
1334 1126 1370 1191 Si
1389 1144 1476 1192 vero
1497 1126 1591 1190 idem
1611 1133 1740 1205 auctor,

388 1265 530 1348 eiusque
550 1274 771 1347 procurator,
793 1264 1083 1348 Congregationis
1106 1265 1201 1328 iussa
1226 1265 1361 1345 fecerit,
1386 1266 1453 1329 hoc
1475 1270 1528 1327 est
1548 1278 1677 1326 novam
1698 1259 1742 1323 in-

388 1400 538 1463 stituerit
558 1400 636 1464 libri
657 1400 843 1464 editionem
864 1417 944 1463 cum
966 1399 1169 1481 opportunis
1191 1400 1494 1483 castigationibus,
1520 1416 1562 1461 ac
1588 1395 1742 1461 mutatio

389 1534 501 1615 nibus,
527 1542 611 1599 tunc
635 1535 869 1617 supprimatur
897 1535 1158 1616 proscriptionis
1186 1536 1384 1616 decretum,
1410 1536 1476 1600 nisi
1503 1535 1593 1599 forte
1620 1531 1742 1615 prioris

390 1669 548 1734 editionis
569 1670 780 1751 exemplaria
801 1687 930 1751 magno
951 1686 1097 1732 numero
1123 1668 1288 1733 distracta
1314 1669 1455 1749 fuerint;
1478 1678 1561 1732 tunc
1583 1666 1677 1731 enim
1697 1666 1742 1729 ita

390 1805 569 1868 decretum
589 1804 835 1886 publicandum
863 1804 947 1884 erit,
973 1814 1011 1868 ut
1040 1822 1161 1868 omnes
1188 1803 1398 1887 intelligant,
1424 1802 1556 1884 primae
1586 1799 1742 1866 editionis

390 1937 602 2018 exemplaria
622 1937 804 2001 dumtaxat
823 1937 1008 2001 interdicta
1029 1937 1122 2018 fore,
1143 1937 1318 2002 secundae
1343 1955 1427 2002 vero
1447 1936 1518 2000 iam
1539 1935 1743 2000 emendatae

390 2069 567 2151 permissa.

468 2205 486 2284 §
509 2205 554 2268 10.
576 2205 793 2288 Conquestos
814 2204 943 2269 scimus
963 2205 1149 2287 aliquando
1171 2205 1371 2285 nonnullos,
1398 2204 1491 2287 quod
1511 2204 1679 2268 librorum
1699 2202 1743 2267 iu·

390 2338 487 2418 dicia,
510 2349 544 2402 et
565 2340 843 2421 proscriptiones,
864 2338 1028 2403 inauditis
1048 2339 1248 2404 auctoribus
1269 2339 1362 2419 fiant,
1381 2340 1477 2403 nullo
1497 2338 1582 2420 ipsis
1602 2340 1681 2402 loco
1701 2337 1743 2401 ad

391 2473 625 2537 defensionem
647 2492 823 2539 concesso.
852 2474 942 2538 Huic
963 2482 1082 2538 autem
1110 2476 1272 2556 querelae
1300 2492 1506 2556 responsum
1527 2473 1633 2537 fuisse
1654 2471 1743 2537 novi·

392 2629 477 2690 mus,
500 2610 583 2674 nihil
605 2629 692 2693 opus
713 2630 790 2675 esse
810 2620 972 2676 auctores
986 2612 1022 2675 in
1035 2612 1201 2676 iudicium
1221 2629 1358 2690 vocare,
1378 2610 1436 2674 ubi
1457 2628 1526 2673 non
1548 2609 1689 2691 quidem
1702 2608 1742 2672 de

392 2762 513 2808 corum
533 2746 691 2826 personis
704 2746 873 2825 notandis,
889 2754 949 2810 aut
963 2746 1236 2810 condemnandis
1249 2745 1374 2828 agitur,
1390 2745 1452 2809 sed
1473 2745 1517 2809 de
1531 2743 1742 2809 consulendo

391 2878 544 2943 fidelium
558 2880 782 2960 indemnitati,
799 2890 903 2962 atque
917 2881 1109 2944 avertendo
1127 2882 1171 2943 ab
1191 2879 1274 2961 ipsis
1288 2878 1450 2961 periculo,
1467 2877 1559 2961 quod
1575 2896 1620 2942 ex
1634 2894 1743 2942 nocua

392 3013 557 3077 librorum
580 3014 727 3078 lectione
749 3015 848 3077 facile
868 3014 1072 3094 incurritur;
1095 3014 1124 3078 si
1145 3033 1213 3096 qua
1233 3032 1319 3079 vero
1339 3012 1549 3097 ignominiae
1570 3013 1650 3075 labe
1671 3028 1743 3074 auc·

392 3147 477 3211 toris
497 3167 625 3212 nomen
646 3169 690 3213 ex
711 3168 753 3212 eo
773 3150 913 3232 aspergi
934 3150 1129 3233 contingat,
1151 3150 1186 3214 id
1207 3168 1276 3213 non
1298 3150 1437 3229 directe,
1460 3149 1522 3212 sed
1543 3148 1683 3229 oblique
1703 3165 1743 3211 ex

392 3281 469 3345 libri
490 3283 711 3347 damnatione
743 3286 916 3366 consequi.
949 3284 1025 3365 Qua
1056 3302 1141 3348 sane
1171 3284 1306 3348 ratione
1337 3283 1477 3347 minime
1501 3281 1744 3364 improbandas

393 3435 577 3482 censemus
610 3418 806 3482 huiusmodi
842 3418 1008 3482 librorum
1049 3418 1315 3500 prohibitiones,
1347 3416 1510 3480 inauditis
1547 3415 1745 3480 auctoribus

393 3551 517 3629 factam
539 3568 646 3631 quum
673 3551 878 3632 praesertim
893 3551 1106 3614 credendum
1121 3550 1173 3630 sit,
1189 3550 1355 3631 quidquid
1375 3567 1438 3631 pro
1459 3548 1582 3630 seipso,
1605 3556 1666 3611 aut
1686 3563 1746 3629 pro

392 3687 570 3751 doctrinae
592 3706 675 3751 suae
697 3688 895 3752 defensione
916 3687 1085 3769 potuisset
1113 3696 1236 3750 auctor
1256 3686 1390 3765 afferre,
1412 3684 1447 3748 id
1468 3684 1610 3747 minime
1631 3701 1653 3747 a
1674 3701 1746 3747 cen·

392 3821 527 3885 soribus
547 3829 653 3902 atque
673 3820 843 3884 iudicibus
863 3820 1070 3901 ignoratum,
1093 3821 1339 3900 neglectumve
1361 3817 1474 3882 fuisse.
1496 3816 1611 3880 Nihilo
1631 3826 1746 3881 tamen

393 3956 515 4036 minus
538 3957 630 4037 quod
652 3974 756 4038 saepe
776 3955 871 4036 alias,
887 3973 1024 4018 summa
1044 3953 1237 4036 aequitatis
1260 3963 1294 4018 et
1316 3952 1520 4036 prudentiae
1541 3952 1686 4033 ratione,
1705 3952 1747 4016 ab

393 4092 516 4155 eadem
536 4090 816 4173 Congregatione
838 4091 968 4153 factum
993 4088 1098 4153 fuisse
1122 4098 1277 4168 constat,
1300 4090 1366 4152 hoc
1389 4087 1493 4151 etiam
1513 4087 1549 4150 in
1570 4096 1747 4168 posterum

392 4226 437 4288 ab
457 4243 499 4288 ea
520 4225 654 4288 servari
674 4242 886 4307 magnopere
911 4232 1080 4305 optamus,
1102 4231 1140 4286 ut
1162 4222 1300 4303 quando
1325 4240 1382 4286 res
1403 4220 1446 4285 sit
1468 4221 1512 4284 de
1532 4230 1678 4285 auctore
1699 4238 1748 4285 ca·

393 4361 540 4441 tholico,
563 4362 678 4443 aliqua
709 4361 857 4425 nominis
889 4369 923 4423 et
955 4361 1159 4425 meritorum
1191 4361 1283 4423 fama
1313 4359 1458 4439 illustri,
1481 4358 1625 4439 eiusque
1646 4375 1746 4441 opuS,

393 4498 542 4579 demptis
562 4497 749 4576 demendis,
770 4496 806 4560 in
827 4496 1003 4578 publicum
1024 4496 1190 4578 prodesse
1211 4514 1312 4577 posse
1337 4495 1571 4577 dignoscatur,
1593 4496 1653 4558 vel
1674 4512 1749 4559 auc·

393 4642 504 4695 torem
525 4633 638 4714 ipsum
660 4650 759 4696 suam
781 4650 923 4695 causam
945 4632 1034 4695 tueri
1055 4633 1232 4696 volentem
1253 4632 1379 4710 audiat,
1397 4633 1455 4695 vel
1476 4650 1585 4695 unum
1607 4651 1652 4696 ex
1674 4650 1749 4696 con·

393 4767 581 4831 sultoribus
602 4766 768 4849 designet,
784 4765 842 4848 qui
863 4785 910 4829 at
930 4767 1038 4848 officio
1059 4767 1174 4848 operis
1195 4766 1424 4848 patrocinium
1446 4766 1749 4849 defensionemque

394 4900 569 4981 suscipiat.

472 5036 490 5115 ᾗ
514 5036 559 5098 11.
581 5034 881 5115 Quemadmodum
910 5053 1003 5115 vero,
1026 5036 1085 5099 ubi
1113 5038 1155 5099 de
1184 5034 1464 5118 Congregatione
1496 5035 1608 5099 sancti
1640 5034 1750 5100 Officii

394 5171 593 5255 agebamus,
616 5169 728 5234 eidem
749 5189 813 5234 nos
833 5188 970 5252 semper
990 5171 1217 5236 interfuturos
1237 5169 1440 5252 recepimus,
1463 5170 1749 5254 quotiescumque
