4309 6534
398 754 439 818 22
966 771 1183 818 cousnrvrro

398 970 502 1053 legat,
517 988 560 1034 ac
574 970 760 1054 diligenter
775 971 964 1053 expendat;
985 979 1061 1034 tum
1082 988 1267 1035 censuram
1288 987 1388 1034 suam
1408 945 1539 1051 scripto
1561 967 1749 1051 consignet,

398 1101 484 1165 locis
503 1101 679 1184 indicatiS,
701 1113 736 1167 et
756 1103 905 1187 paginis,
926 1103 962 1166 in
983 1102 1108 1185 quibus
1128 1101 1238 1166 notati
1258 1118 1396 1165 errores
1417 1099 1649 1164 continentur.
1670 1098 1750 1164 Mox

398 1235 484 1300 liber
505 1256 585 1301 cum
606 1236 963 1302 animadversionibus
990 1234 1154 1301 revisoris
1180 1235 1226 1298 ad
1253 1235 1410 1319 singulos
1437 1234 1658 1298 consultores
1681 1232 1751 1298 mit·

398 1381 500 1453 tatur,
523 1373 582 1455 qui
601 1373 637 1437 in
657 1373 929 1457 congregatione
942 1389 1006 1453 pro
1020 1389 1118 1436 more
1135 1371 1294 1435 habenda
1315 1369 1462 1453 singulis
1482 1368 1577 1434 feriis
1590 1367 1750 1433 secundis

396 1507 433 1572 in
453 1508 597 1573 aedibus
616 1510 728 1573 sancti
748 1508 866 1589 Officii,
888 1509 932 1572 de
952 1507 1048 1588 libro,
1071 1517 1106 1571 ct
1127 1525 1275 1572 censura
1293 1505 1502 1571 sententiam
1523 1504 1658 1587 dicant,
1677 1506 1751 1587 ipsa

397 1628 521 1705 deinde
542 1658 698 1720 censura,
723 1659 805 1705 cum
829 1641 925 1721 libro,
951 1651 986 1705 et
1011 1643 1249 1705 consultorum
1274 1639 1457 1724 suffragiis,
1481 1640 1527 1703 ad
1548 1638 1751 1703 Cardinales

395 1775 659 1857 transmittatur,
682 1786 720 1840 ut
740 1777 777 1841 hi
796 1777 833 1841 in
853 1777 1134 1861 congregatione,
1157 1755 1246 1860 quae
1268 1777 1355 1841 feria
1375 1785 1500 1860 quarta
1520 1776 1644 1841 haberi
1664 1777 1751 1840 solet

287 1972 289 1975 ,
394 1906 431 1971 in
451 1908 614 1973 Fratrum
635 1908 918 1975 Praedicatorum
942 1911 1110 1975 coenobio
1125 1919 1268 1975 sanctae
1282 1910 1413 1976 Mariae
1434 1928 1539 1992 supra
1557 1909 1751 1975 Minervam

395 2052 613 2125 nuncupato,
646 2043 690 2107 de
721 2053 794 2108 tota
825 2063 864 2108 re
895 2045 1071 2109 definitive
1105 2045 1344 2127 pronuncient.
1379 2045 1461 2109 Post
1495 2045 1540 2107 ab
1574 2061 1751 2108 assessore

395 2175 506 2238 sancti
526 2174 637 2240 Officii
656 2186 736 2240 acta
757 2176 873 2240 omnia
887 2177 932 2240 ad
946 2177 1150 2241 Pontificem
1164 2178 1370 2258 reserantur,
1386 2176 1485 2241 cuius
1502 2176 1647 2242 arbitrio
1667 2175 1750 2241 iudi·

395 2310 487 2375 cium
508 2330 611 2377 omne
629 2285 840 2379 absolvetur.

472 2446 490 2525 §
510 2447 538 2510 5.
560 2445 648 2510 Cum
670 2458 788 2512 autem
809 2450 853 2513 sit
873 2450 986 2515 veteri
1005 2450 1221 2516 institutione
1242 2459 1441 2533 receptum,
1463 2458 1502 2516 ut
1523 2450 1680 2515 auctoris
1700 2469 1750 2515 ca·

394 2578 514 2642 tholici
533 2578 620 2643 liber
639 2598 710 2643 non
731 2581 833 2645 unius
853 2591 989 2646 tantum
1009 2584 1170 2648 relatoris
1190 2592 1373 2667 perspecta
1394 2601 1542 2648 censura
1563 2583 1658 2647 illico
1679 2601 1751 2666 pro

395 2715 582 2796 scribatur,
611 2716 656 2779 ad
684 2733 843 2780 normam
870 2718 1016 2799 praelati
1043 2719 1175 2784 decreti
1202 2720 1332 2784 mensis
1363 2719 1439 2783 Iulii
1468 2719 1551 2784 anni
1578 2718 1751 2785 millesimi

394 2848 691 2931 septingentesimi
712 2849 988 2933 quinquagesimi
1011 2855 1175 2917 volumus
1196 2872 1273 2918 eam
1302 2854 1589 2919 consuetudinem
1610 2855 1749 2920 omnino

395 2987 543 3067 servari3
564 2987 613 3051 ita
633 2995 681 3069 ut,
703 2988 733 3052 si
752 2988 886 3070 primus
910 3008 1035 3054 censor
1055 2991 1181 3055 librum
1202 2992 1489 3073 proscribendum
1513 3009 1591 3056 esse
1612 2991 1747 3073 iudicet,

394 3121 553 3202 quamvis
574 3125 791 3188 consultores
810 3125 846 3188 in
868 3125 1026 3189 eamdem
1051 3125 1259 3190 sententiam
1284 3125 1507 3206 conveniant,
1527 3125 1749 3192 nihilominus

393 3255 495 3319 alteri
514 3256 660 3322 revisori
679 3259 723 3321 ab
745 3259 867 3322 eadem
888 3258 1168 3342 Congregatione
1190 3260 1302 3324 electo
1333 3260 1421 3324 liber
1455 3268 1490 3323 et
1514 3277 1665 3325 censura
1685 3270 1748 3326 tra·

394 3390 535 3472 dantur,
560 3410 746 3474 suppresso
767 3392 869 3475 primi
897 3393 1052 3457 censoris
1072 3394 1228 3474 nomine,
1255 3412 1323 3475 quo
1351 3395 1441 3457 alter
1460 3391 1627 3456 iudicium
1648 3411 1748 3458 suum

393 3525 534 3591 liberius
554 3535 714 3609 exponat.
736 3527 772 3592 Si
792 3536 910 3592 autem
931 3528 1106 3592 secundus
1130 3528 1264 3592 revisor
1291 3527 1403 3610 primo
1424 3527 1644 3609 assentiatur,
1666 3537 1747 3593 tunc

392 3661 572 3744 utriusque
599 3663 918 3727 animadversiones
942 3663 987 3726 ad
1008 3662 1212 3728 Cardinales
1240 3663 1440 3743 mittantur,
1466 3670 1504 3727 ut
1524 3662 1567 3727 iis
1588 3663 1747 3745 expensis

393 3795 436 3858 de
456 3795 544 3859 libro
565 3795 770 3877 decernant;
791 3806 828 3861 at
848 3797 878 3860 si
898 3797 1073 3861 secundus
1093 3816 1115 3860 a
1135 3797 1246 3879 primo
1270 3797 1464 3878 dissentiat,
1489 3815 1532 3861 ac
1556 3796 1684 3861 librum
1704 3796 1747 3860 di·

392 3928 599 3993 mittendum
620 3929 802 4010 existimet,
824 3930 948 3994 tertius
969 3930 1119 4013 eligatur
1139 3948 1272 4011 censor,
1295 3932 1360 4012 cui,
1382 3949 1568 4014 suppresso
1593 3931 1746 4014 priorum

391 4060 549 4141 nomine,
575 4070 722 4143 utraque
743 4080 891 4126 censura
919 4063 1204 4127 communicetur.
1233 4063 1345 4127 Huius
1365 4071 1484 4128 autem
1508 4064 1652 4144 relati0,
1678 4064 1746 4129 sia

391 4195 505 4276 priore
530 4197 768 4260 consultorum
797 4197 968 4261 sententia
995 4216 1065 4261 non
1094 4197 1255 4277 abludat,
1281 4195 1521 4260 Cardinalibus
1547 4195 1746 4261 immediate

391 4330 675 4411 communicetur,
690 4338 729 4394 ut
743 4330 816 4413 ipsi,
839 4331 931 4413 quod
953 4340 1188 4413 opportunum
1208 4330 1318 4410 suerit,
1335 4331 1534 4395 decernant.
1548 4330 1609 4396 Sin
1624 4332 1743 4411 minus

389 4464 517 4528 iterum
538 4467 763 4545 consultores
779 4474 962 4547 perspecta
982 4465 1086 4529 tertia
1108 4483 1256 4529 censura
1277 4465 1482 4548 suffragium
1502 4465 1629 4547 ferant;
1644 4466 1744 4549 idque

390 4615 460 4661 una
481 4617 562 4663 cum
583 4599 741 4664 omnibus
755 4600 920 4682 praelatis
938 4600 1172 4681 relationibus,
1187 4599 1429 4664 Cardinalibus
1450 4600 1664 4682 exhibeatur,
1679 4599 1744 4684 qui,

392 4750 429 4796 re
450 4733 498 4796 ita
519 4741 654 4797 mature
675 4753 864 4815 perpensa,
890 4735 934 4798 de
959 4734 1197 4799 controversia
1221 4735 1370 4817 denique
1394 4734 1624 4817 pronunciare
1650 4736 1746 4800 debe

391 4867 485 4930 bunt.
515 4866 807 4950 Quotiescumque
834 4876 952 4932 autem
980 4868 1157 4950 Pontifex,
1182 4870 1240 4932 vel
1268 4869 1313 4931 ob
1340 4868 1408 4948 rei,
1435 4868 1478 4931 de
1506 4867 1634 4950 quain
1660 4869 1745 4933 libro

388 5000 513 5084 agitur,
535 5003 754 5085 gravitatem,
776 5005 834 5067 vel
855 5003 935 5085 quia
959 5003 994 5067 id
1018 5004 1173 5068 auctoris
1198 5003 1331 5083 merito,
1349 5003 1494 5085 aliisque
1519 5002 1744 5069 circumstan-

389 5138 446 5202 tiis
459 5138 681 5203 tribuendum
702 5146 852 5220 censeat,
867 5138 945 5202 libri
957 5138 1122 5204 iudicium
1138 5157 1257 5204 coram
1271 5157 1309 5203 se
1324 5137 1399 5220 ipso
1417 5137 1452 5202 in
1470 5141 1743 5224 congregatione
