4309 6534
392 802 432 867 34
742 818 959 866 cousrrrvrro
980 818 1164 866 pausarem
1186 819 1301 867 PAPAE
1322 820 1392 866 mv.

472 1021 558 1101 §25.
581 1021 677 1101 Quae
697 1023 868 1087 hactenus
888 1041 909 1086 a
930 1021 1029 1086 nobis
1048 1020 1239 1103 proposita,
1261 1039 1303 1084 ac
1324 1020 1513 1085 constituta
1535 1029 1634 1101 sunt,
1656 1039 1746 1102 prae

393 1152 616 1217 decessorum
653 1164 853 1219 nostrorum
887 1155 1037 1219 decretis
1071 1157 1174 1237 plane
1216 1173 1388 1236 consona,
1424 1154 1745 1238 congregationum

395 1307 533 1371 quoque
554 1299 753 1354 nostrarum
775 1291 923 1374 legibuS,
946 1301 981 1355 et
1002 1290 1311 1356 consuctudinibus
1332 1290 1572 1372 comprobata,
1594 1289 1632 1353 in
1653 1288 1747 1352 libro

394 1441 472 1486 rum
493 1424 661 1506 examine,
683 1445 725 1489 ac
746 1425 872 1491 iudicio
896 1426 1117 1507 instituendo,
1135 1427 1327 1509 apostolica
1350 1425 1560 1490 auctoritate
1586 1424 1746 1506 deinceps

394 1558 528 1622 servari
548 1559 783 1625 decemimus:
805 1562 1011 1626 mandantes
1032 1561 1213 1641 universis,
1229 1570 1264 1625 et
1279 1559 1432 1644 singulis
1447 1558 1507 1641 qui
1526 1559 1564 1623 in
1585 1558 1746 1641 praefatis

394 1693 731 1777 congregationibus
745 1699 860 1762 locum
875 1698 1039 1779 obtinent,
1055 1717 1118 1764 seu
1132 1698 1200 1762 illis
1218 1697 1475 1780 quomodolibet
1491 1715 1637 1779 operam
1652 1714 1746 1761 suam

393 1838 590 1911 praestant,
615 1841 654 1895 ut
682 1833 851 1897 adversus
878 1833 1069 1915 praemissa
1091 1833 1141 1897 sic
1162 1852 1183 1896 a
1203 1832 1302 1897 nobis
1323 1841 1454 1897 statuta
1481 1831 1568 1896 nihil
1597 1831 1745 1910 edicere,

394 1963 577 2047 innovare,
603 1965 806 2048 decernere,
832 1976 892 2031 aut
913 1968 1086 2032 intentare
1113 1976 1353 2049 praesumant,
1379 1968 1509 2049 absque
1531 1975 1669 2045 nostra,
1693 1967 1746 2029 vel

394 2116 636 2165 successorum
657 2111 857 2167 nostrorum
878 2121 941 2184 pro
963 2112 1120 2184 tempore
1142 2101 1364 2166 existentium
1393 2118 1621 2165 romanorum
1642 2098 1748 2164 Ponti·

394 2233 499 2298 ficum
521 2254 686 2317 expressa
708 2237 882 2301 facultate.

474 2369 492 2448 ἕ
510 2370 560 2433 26.
582 2368 659 2434 Non
681 2370 897 2434 obstantibus
911 2369 1094 2434 contrariis
1111 2369 1298 2452 quibusvis
1320 2368 1425 2433 etiam
1449 2368 1652 2450 apostolicis
1676 2386 1747 2431 con·

395 2501 646 2584 stitutionibuS,
668 2514 703 2567 et
724 2505 1011 2585 ordinationibus,
1034 2523 1169 2569 necnon
1191 2506 1393 2569 earumdem
1414 2502 1746 2587 Congregationum,

397 2636 502 2701 etiam
537 2637 727 2719 apostolica
762 2640 985 2719 auctoritate,
1020 2658 1083 2703 seu
1118 2639 1241 2722 quavis
1275 2640 1439 2703 firmitate
1472 2638 1542 2702 alia
1580 2639 1748 2703 roboratis

398 2771 560 2852 decretiS,
582 2772 714 2852 usibuS,
739 2772 852 2852 styliS,
875 2782 910 2836 et
931 2772 1251 2852 consuetudinibus
1276 2772 1381 2836 etiam
1405 2772 1747 2852 immemorabilibuS,

398 2908 591 2990 ceterisque
612 2908 648 2973 in
668 2909 881 2973 contrarium
902 2909 1106 2973 facientibus
1127 2909 1410 2992 quibuscumque.

476 3043 495 3123 ξ
514 3043 563 3106 27.
585 3041 678 3106 Nulli
696 3060 780 3124 ergo
795 3041 935 3105 omnino
950 3042 1129 3106 hominum
1144 3042 1247 3106 liceat
1261 3042 1424 3126 paginam
1439 3044 1530 3109 hanc
1551 3054 1748 3109 nostrorum

397 3181 627 3259 decretorum,
649 3181 901 3261 mandatorum,
927 3190 1148 3264 statutorum,
1170 3185 1399 3264 voluntatum,
1421 3201 1463 3246 ac
1485 3182 1748 3265 derogationum

397 3314 593 3397 infringere,
615 3316 672 3379 vel
694 3314 725 3378 ci
745 3333 833 3379 ausu
854 3316 1040 3379 temerario
1061 3315 1244 3380 contraire.
1265 3316 1301 3381 Si
1322 3317 1399 3399 quis
1419 3325 1538 3381 autem
1559 3317 1628 3381 hoc
1647 3324 1748 3380 atten-

397 3457 473 3511 tare
500 3447 788 3529 praesumpserit,
817 3448 1090 3531 indignationem
1118 3449 1363 3531 omnipotentis
1390 3449 1470 3530 Dei,
1499 3469 1542 3512 ac
1571 3451 1748 3514 beatorum

398 3584 491 3649 Petri
512 3594 546 3649 et
567 3585 665 3649 Pauli
685 3586 935 3667 Apostolorum
956 3586 1031 3652 eius
1052 3606 1091 3652 se
1111 3588 1248 3652 noverit
1270 3587 1500 3652 incursurum.

478 3715 609 3781 Datum
640 3717 772 3780 Romae
803 3718 895 3799 apud
927 3727 1085 3782 sanctam
1120 3719 1266 3783 Mariam
1302 3719 1484 3799 maiorem,
1514 3739 1608 3785 anno
1643 3722 1748 3786 Incar-

399 3850 548 3914 nationis
568 3849 761 3914 dominicae
784 3850 966 3915 millesimo
988 3852 1297 3935 septingentesimo
1326 3854 1616 3938 quinquagesimo
1641 3857 1747 3936 tertio,

400 3983 547 4066 septimo
569 3985 649 4048 Idus
671 3984 755 4065 Iulii,
777 3986 1002 4051 Pontificatus
1023 3988 1133 4052 nostri
1153 4006 1245 4053 anno
1267 3988 1516 4055 tertiodecimo.

1258 4204 1300 4269 D.
1322 4203 1432 4270 Cano.
1454 4206 1676 4273 Passmuavs.

541 4414 570 4496 J.
593 4411 785 4478 Darnnrvs.

1039 4653 1121 4717 Visa

854 4767 908 4832 De
929 4769 1033 4833 Curia
1054 4770 1084 4852 J.
1106 4769 1143 4833 C.
1165 4769 1299 4834 Boscffl.

462 4997 556 5061 Loco
577 4996 617 5079 ὦ
638 4996 781 5060 Plumbi.
1392 4996 1420 5079 J.
1442 4995 1479 5060 B.
1501 4996 1691 5063 Evnamvs.

735 5203 940 5284 Registrata
961 5202 998 5266 in
1020 5204 1214 5268 secretaria
1235 5203 1415 5268 Brevticm.
