4309 6534
1154 1219 1210 1331 V

543 1582 790 1662 VaccheriuS,
814 1581 978 1645 Horatius.
1003 1580 1053 1643 De
1081 1601 1152 1643 san·

499 1690 606 1768 guinis
622 1690 771 1754 missione
787 1690 818 1753 in
833 1689 1017 1752 vulneribus
1033 1688 1153 1768 discep

500 1797 580 1860 tatio
595 1798 807 1877 apologetica.
825 1797 921 1861 Decr.
934 1817 953 1874 9
964 1801 1042 1877 sept.
1055 1801 1095 1858 m
1097 1800 1151 1874 58.

542 1905 745 1985 Vacherot,
761 1884 904 1967 iitienne.
929 1904 1073 1966 Histoire
1096 1902 1154 1965 cri·

501 2012 589 2094 tique
612 2011 653 2074 de
675 2009 785 2074 l’ecole
800 2008 1037 2076 d'Alexandrie.
1054 2011 1151 2076 Decr.

499 2134 541 2198 27
563 2123 632 2182 iun.
656 2123 696 2181 18
698 2136 750 2197 50.

543 2260 589 2273 -
600 2227 647 2288 La
663 2226 807 2306 religion.
828 2226 926 2290 Decr.
942 2243 963 2286 ι
978 2229 1047 2290 iun.
1064 2230 1151 2303 1869.

545 2333 735 2415 Valdivia,
746 2335 828 2416 Jnan
844 2334 1029 2399 Gualberto.
1046 2333 1154 2396 Diser-

500 2441 606 2505 tacion
629 2443 723 2505 sobre
745 2442 775 2504 el
798 2441 934 2505 celibato
956 2441 1040 2503 leida
1063 2461 1103 2503 en
1122 2439 1153 2502 la

498 2549 662 2612 academia
678 2550 719 2612 de
734 2549 868 2612 ciencias
884 2572 906 2630 y
920 2563 1004 2612 artes
1020 2548 1060 2610 de
1076 2547 1153 2610 Are·

501 2657 598 2738 quipa
620 2677 660 2719 en
682 2658 713 2719 la
736 2657 841 2720 sesion
856 2656 1017 2720 ordinaria
1041 2655 1094 2718 del
1108 2654 1154 2716 lu·

500 2784 556 2826 nes
584 2782 622 2843 14
647 2764 687 2826 de
702 2785 797 2845 mayo
822 2763 873 2825 del
894 2770 987 2839 1827.
1013 2762 1153 2840 Decr.5

500 2876 596 2934 mart.
621 2875 716 2950 1857.

544 2976 746 3057 ValentiiS,
768 2977 910 3041 Ventura
941 2976 982 3039 de
1005 2973 1153 3063 [pseudo

499 3080 646 3170 nymur].
679 3084 866 3146 Parthenius
896 3084 1055 3163 litigiosus
1086 3083 1153 3146 sive

500 3190 663 3253 discursus
687 3180 987 3270 politico-iuridicus
1014 3190 1046 3251 in
1070 3191 1152 3252 duos

500 3298 690 3361 distributus
714 3298 821 3362 libros.
846 3296 943 3362 Decr.
968 3297 1003 3362 S.
1026 3295 1088 3379 Off.
1113 3314 1152 3358 ro

498 3411 554 3470 oct.
590 3411 678 3481 1613.
713 3426 742 3469 v.
766 3404 955 3480 Winther,
992 3404 1152 3484 Georgius

498 3511 695 3576 Valentinus.

542 3618 732 3699 Valesius,
742 3620 862 3684 Petrus.
877 3621 981 3683 Causa
993 3618 1152 3681 valesiana

497 3726 641 3807 epistolis
664 3727 762 3789 ternis
777 3726 951 3807 praelibata
969 3726 1000 3789 in
1015 3740 1152 3788 anteces-

499 3855 569 3897 sum
582 3834 709 3897 iusioris
725 3833 901 3913 apologiae,
919 3833 1036 3916 quibus
1052 3852 1154 3895 acces·

498 3955 607 4004 serunt
628 3940 819 4020 appendices
839 3939 931 4015 duae,
954 3961 1015 4002 una
1039 3939 1153 4001 instru-

498 4062 691 4123 mentorum,
716 4048 814 4110 altera
837 4046 878 4107 de
901 4045 1058 4124 Gregorio
1082 4045 1151 4120 VII,

496 4170 529 4219 et
545 4156 576 4218 in
588 4156 649 4217 flue
664 4156 928 4217 additamentum.
947 4154 1076 4232 Decr.4
1092 4154 1151 4217 iul.

499 4267 586 4341 [689.

544 4368 1152 4451 [Valla‚losepls].v.Institutiones

498 4477 678 4555 theologiae
705 4478 746 4538 ad
771 4498 865 4539 usum
892 4476 1074 4539 scholarum
1102 4498 1152 4538 ac·

498 4584 729 4649 commodatae.

541 4692 652 4759 Valle
677 4693 834 4773 Clausa,
859 4693 970 4756 Petrus
999 4714 1017 4754 a
1043 4688 1151 4777 [pseu-

497 4795 682 4884 donymusJ.
701 4799 749 4861 De
766 4799 964 4862 immunitate
979 4799 1150 4862 authorum

497 4906 696 4988 cyriacorum
712 4928 730 4967 a
747 4927 890 4971 censura.
908 4907 1006 4971 Dect.
1024 4924 1064 4968 20
1081 4909 1148 4971 iun.

498 5018 588 5076 1662.
616 5033 646 5075 v.
671 5013 917 5094 Raynaudus,
942 5013 1150 5092 Theophilus.

542 5118 786 5199 *Vallesiu8,
810 5120 1008 5184 Franciscus.
1034 5121 1084 5183 De
1113 5121 1150 5182 iis

497 5247 580 5309 quae
602 5226 721 5307 scripta
744 5240 817 5291 sunt
844 5227 977 5309 physice
1005 5227 1150 5290 inlibris

1212 1581 1326 1655 sacris,
1352 1581 1420 1644 sive
1451 1582 1491 1644 de
1521 1600 1611 1644 sacra
1643 1581 1864 1662 philosophia,

1211 1686 1291 1750 liber
1306 1686 1487 1767 singularis.
1505 1689 1614 1751 Donec
1627 1691 1750 1769 corrig.
1768 1688 1866 1754 Decr.

1212 1797 1312 1872 Jiul.
1336 1800 1426 1859 1618.

1257 1902 1357 1983 [Van
1372 1905 1550 1984 Buscum,
1566 1905 1703 1984 Petrus}
1731 1923 1762 1968 v.
1787 1904 1867 1965 De·

1211 2008 1346 2071 sensio
1369 2010 1454 2073 Petri
1478 2032 1540 2073 van
1563 2011 1713 2075 ancum.

1256 2152 1300 2166 -
1323 2137 1352 2181 v.
1378 2118 1617 2182 Instructio
1644 2118 1687 2181 ad
1717 2131 1866 2199 tyronem

1211 2223 1408 2303 theologum.

1256 2367 1299 2381 -
1322 2352 1351 2395 v.
1377 2331 1616 2396 instructio
1646 2332 1688 2395 ad
1718 2347 1866 2414 tyronem

1212 2438 1401 2518 theologum
1424 2439 1596 2505 vindicata.

1256 2548 1344 2615 Van
1367 2548 1476 2627 Buul,
1502 2547 1704 2628 Henri-Jean.
1731 2548 1868 2611 instruc·

1213 2654 1280 2717 tion
1311 2654 1471 2734 pastorale
1501 2675 1557 2718 sur
1579 2654 1609 2717 le
1634 2654 1787 2730 schisme,
1812 2655 1868 2736 qni

1212 2761 1315 2824 divise
1330 2761 1376 2824 les
1392 2761 1593 2843 catholiques
1616 2761 1657 2824 de
1679 2759 1804 2841 l'eglise
1827 2763 1868 2824 de

1212 2868 1382 2932 Hollande.
1408 2868 1505 2933 Decr.
1529 2887 1570 2931 20
1593 2872 1661 2933 iun.
1685 2874 1777 2948 1844.

1256 2975 1342 3042 Van
1370 2976 1483 3057 Dale,
1508 2976 1678 3040 Antonius.
1706 2977 1867 3040 Disserta-

1212 3083 1314 3146 tiones
1338 3083 1378 3145 de
1401 3083 1523 3163 origine
1546 3105 1584 3146 ac
1608 3103 1781 3162 progressu
1803 3083 1868 3146 ido

1211 3190 1356 3253 lolatriae
1371 3205 1404 3253 et
1424 3190 1701 3270 superstitionum
1726 3192 1768 3254 de
1792 3211 1868 3254 vera

1211 3319 1249 3361 ac
1271 3298 1350 3361 laisa
1374 3298 1560 3378 prophetia3
1585 3298 1631 3361 nti
1660 3312 1692 3361 et
1719 3299 1761 3361 de
1790 3300 1867 3362 divi·

1211 3405 1394 3469 nationibus
1426 3405 1632 3469 idololatricis
1663 3406 1866 3470 Iudaeorum.

1211 3513 1309 3576 Dm.
1334 3532 1373 3589 30
1396 3515 1454 3577 iul.
1479 3520 1567 3593 1736.

1259 3656 1299 3667 -
1316 3621 1366 3682 De
1382 3620 1519 3683 oraculis
1534 3620 1735 3684 ethnicorum
1752 3621 1866 3684 disser-

1212 3728 1349 3791 tationes
1363 3728 1456 3817 duae,
1471 3749 1606 3810 quarum
1623 3728 1712 3809 prior
1728 3728 1768 3791 de
1785 3729 1866 3809 ipso

1212 3856 1283 3897 rum
1307 3835 1475 3898 duratione
1494 3857 1532 3898 ac
1556 3835 1690 3910 deiectu,
1708 3836 1867 3915 posterior

1212 3942 1253 4005 de
1287 3942 1471 4005 eorumdem
1506 3942 1709 4018 auctoribns;
1742 3943 1867 4006 accedit

1211 4050 1410 4113 schediasma
1420 4048 1758 4114 deconsecrationibus
1767 4050 1867 4114 ethni-

1211 4157 1267 4222 cis.
1291 4157 1388 4221 Decr.
1413 4176 1451 4233 30
1475 4159 1533 4221 iul.
1557 4163 1646 4237 1756.

1255 4266 1356 4345 [Van
1388 4263 1456 4330 der
1480 4264 1622 4344 Croon,
1646 4264 1863 4347 Theodorus}

1211 4393 1240 4435 v.
1265 4372 1362 4434 Acta
1395 4372 1553 4452 quaedam
1584 4371 1737 4435 ecclesiae
1768 4372 1867 4435 ultra-

1211 4478 1352 4542 iectinae.

1253 4585 1341 4651 Van
1371 4584 1441 4650 der
1474 4583 1646 4664 Mueien,
1676 4583 1864 4650 Gulielmus.

1210 4692 1403 4755 Dissertatio
1433 4692 1473 4753 de
1495 4706 1569 4754 ortu
1597 4707 1629 4755 et
1653 4692 1783 4755 interitu
1811 4693 1867 4754 im·

1211 4798 1287 4878 perii
1316 4798 1438 4861 romani
1461 4813 1494 4861 et
1518 4798 1558 4859 de
1582 4799 1751 4862 sanctitate
1779 4820 1866 4862 snm·

1209 4908 1252 4969 mi
1280 4907 1403 4988 imperii
1439 4907 1550 4970 civilis.
1587 4906 1685 4972 Decr.
1716 4912 1756 4969 26
1785 4928 1864 4988 areg.

1209 5031 1298 5093 1743·

1255 5156 1296 5167 -
1314 5120 1564 5183 Dissertationes
1587 5119 1802 5201 philologicae
1826 5121 1867 5184 de

1209 5227 1260 5290 die
1276 5227 1387 5290 mundi
1410 5241 1443 5292 et
1465 5247 1571 5292 rerum
1588 5228 1732 5292 omnium
1749 5227 1850 5293 natali
1855 5251 1864 5305 ς
