4309 6534
582 859 648 907 VIII
1194 862 1311 909 BREVE

585 1076 812 1161 haeresum
844 1078 978 1188 pestis
1001 1079 1084 1161 late
1106 1092 1387 1190 grassaretur,
1423 1080 1711 1163 necessarium
1735 1080 1914 1163 omnino

584 1240 728 1322 visum
761 1252 838 1341 est,
873 1267 958 1350 qua
990 1239 1298 1351 praecavendis
1322 1241 1531 1351 periculis
1555 1269 1641 1352 qua
1664 1241 1913 1353 reparandis

586 1413 751 1485 mature
786 1402 965 1501 damnis,
996 1403 1038 1484 in
1063 1430 1194 1513 prave
1218 1403 1376 1512 scripta
1398 1403 1535 1486 acrius
1558 1403 1912 1486 animadvertere.

585 1562 735 1671 Itaque
774 1562 951 1646 Concilii
991 1562 1235 1645 Tridentini
1280 1574 1434 1672 patres
1470 1563 1524 1645 ad
1563 1589 1674 1673 quos
1718 1563 1817 1646 Pius
1851 1565 1915 1646 IV

585 1723 892 1833 praedecessor
934 1734 1082 1806 noster
1121 1722 1163 1805 id
1210 1723 1435 1833 negotium
1479 1724 1712 1823 remiserat,
1748 1724 1913 1834 ingenti

584 1881 790 1965 librorum
813 1884 904 1965 sive
927 1882 1252 1983 haereticorum,
1277 1884 1369 1966 sive
1394 1884 1447 1968 de
1470 1883 1680 1968 haeretica
1704 1885 1913 1994 pravitate

584 2055 897 2152 suspectorum,
931 2044 1023 2127 sive
1056 2044 1201 2154 pietati
1237 2045 1515 2155 moribusque
1540 2045 1789 2129 nocentium
1813 2072 1915 2129 con-

584 2205 759 2316 tagioni,
794 2205 949 2315 duplici
989 2232 1086 2288 esse
1132 2206 1299 2289 ratione
1344 2207 1658 2291 occurrendum
1697 2207 1915 2290 existima-

584 2378 695 2449 runt.
729 2368 796 2449 Ac
829 2367 967 2476 primo
1001 2367 1189 2476 quidem,
1224 2367 1419 2451 eiusdem
1459 2367 1626 2477 Synodi
1659 2367 1913 2451 auctoritate

583 2527 678 2610 lecti
712 2527 767 2610 ad
801 2528 843 2610 id
877 2527 1098 2637 praesules
1133 2540 1175 2609 et
1210 2527 1399 2638 theologi
1443 2529 1667 2640 generales
1702 2527 1912 2638 quasdam

584 2687 815 2772 condidere
849 2688 1032 2798 regulas,
1062 2700 1110 2770 ut
1134 2687 1336 2770 nimirum
1359 2689 1519 2772 facilius
1543 2689 1739 2799 dignosci
1763 2700 1914 2799 posset

582 2849 795 2959 aquibus
837 2850 1078 2960 generatim
1122 2850 1237 2932 libris
1282 2849 1429 2933 fideles
1473 2876 1623 2933 cavere
1668 2861 1910 2961 oporteret;

583 3024 677 3094 tum
709 3039 813 3093 vero
834 3023 1080 3095 accuratum
1103 3022 1232 3120 atque
1254 3010 1500 3094 absolutum
1524 3011 1730 3094 librorum
1753 3011 1913 3121 impro-

582 3174 705 3257 batae
727 3174 922 3258 lectionis
945 3175 1171 3258 elenchum
1194 3201 1272 3256 seu
1296 3174 1482 3258 indicem
1506 3187 1748 3258 exararunt.
1768 3176 1911 3284 Quem

582 3332 766 3417 indicem
800 3361 1015 3418 unacum
1060 3335 1308 3417 memoratis
1351 3335 1522 3445 regulis,
1563 3362 1698 3445 quum
1742 3336 1912 3445 peracta

582 3496 774 3606 Synodo,
810 3526 863 3580 ex
896 3499 1030 3610 ipsius
1065 3497 1249 3599 decreto,
1284 3497 1361 3580 Pio
1394 3500 1456 3581 IV
1490 3497 1809 3608 praedecessori
1834 3524 1911 3580 no-

582 3671 673 3741 stro
706 3658 919 3741 exhibitus
952 3658 1077 3742 suerit
1101 3671 1148 3741 ut
1172 3686 1225 3742 ne
1257 3671 1384 3741 antea
1416 3658 1618 3742 ederetur
1650 3685 1780 3767 quam
1807 3684 1911 3767 apo-

580 3819 754 3903 stolicae
787 3820 1052 3903 auctoritatis
1087 3819 1217 3903 robur
1249 3820 1470 3929 acciperet,
1495 3846 1665 3901 summa
1689 3818 1911 3929 diligentia

583 3980 728 4064 denuo
777 4007 1010 4064 excussum
1056 3980 1170 4064 idem
1220 3982 1418 4063 Pontifex
1466 3979 1721 4089 approbavit
1770 3991 1813 4062 et
1855 3979 1910 4062 ab

580 4142 782 4225 omnibus
806 4142 1025 4224 observari
1044 4142 1180 4224 iussit.
1199 4190 1261 4203 —
1278 4144 1366 4224 Res
1391 4154 1534 4225 tamen
1560 4141 1652 4250 ipsa
1674 4140 1839 4226 serebat
1862 4153 1910 4224 ut

582 4304 776 4388 eiusdem
810 4303 958 4404 Index,
994 4304 1120 4387 novis
1154 4302 1281 4385 editis
1315 4304 1499 4386 decursu
1533 4303 1740 4411 temporis
1764 4302 1908 4413 pravis

581 4465 916 4575 perniciosisque
929 4464 1056 4564 libris,
1073 4491 1187 4546 nova
1203 4461 1497 4547 additamenta
1516 4465 1766 4574 requireret:
1781 4461 1909 4573 idque

581 4654 684 4710 sane
708 4626 760 4709 ab
779 4625 1030 4736 Apostolica
1045 4623 1159 4709 Sede
1178 4625 1332 4707 iterum
1355 4627 1598 4736 iterumque
1615 4626 1790 4708 assidua
1808 4651 1909 4709 cura
1968 4703 1970 4707 ,

581 4788 815 4898 perlectum
833 4813 929 4869 esse
948 4786 1166 4869 neminem
1183 4785 1295 4869 latet.
1310 4788 1373 4868 Ita
1385 4785 1561 4896 quidem
1575 4786 1777 4870 Clemens
1790 4787 1906 4887 VIII,

579 4976 628 5032 ac
662 4947 862 5059 deinceps
897 4946 1146 5031 Alexander
1173 4949 1255 5030 Vll
1290 4958 1333 5030 et
1366 4946 1627 5031 Benedictus
1651 4949 1757 5030 XIV
1790 4975 1909 5057 prae·

581 5109 831 5194 decessores
876 5109 1010 5191 nostri
1055 5107 1247 5191 Indicem
1290 5107 1444 5217 ipsum,
1487 5107 1658 5190 insertis
1701 5107 1751 5189 iis
1789 5107 1906 5190 libris
