4309 6534
568 818 591 863 Χ
1051 815 1169 863 BREVE
1193 816 1322 864 LEONIS
1345 816 1422 863 xm.

572 1030 714 1113 accitis
742 1030 785 1112 in
809 1029 952 1140 operis
976 1027 1218 1113 subsidium
1243 1030 1356 1130 viris,
1381 1057 1471 1114 rem
1494 1041 1631 1114 totam
1652 1029 1777 1113 alacri
1799 1028 1903 1112 assi·

573 1190 747 1300 duoque
780 1189 927 1274 studio
960 1190 1018 1273 ita
1051 1192 1274 1300 perfecere,
1310 1202 1358 1274 ut
1393 1217 1534 1273 novus
1579 1189 1716 1273 Index
1748 1188 1901 1273 ceteris

572 1347 622 1429 iis
655 1349 728 1459 qui
767 1361 1096 1461 praecesserunt
1140 1377 1228 1433 non
1273 1351 1415 1434 solum
1459 1351 1589 1461 longe
1633 1349 1903 1434 emendatior

570 1523 784 1618 appareat,
819 1510 897 1594 sed
931 1524 973 1594 et
1006 1510 1283 1623 expeditioris
1318 1538 1435 1612 usus,
1458 1511 1642 1595 omissis
1671 1510 1788 1594 libris
1813 1537 1901 1593 non

441 1650 445 1657 ’
572 1669 630 1751 ita
672 1672 830 1780 paucis,
876 1699 1063 1783 quorum
1107 1672 1374 1783 proscriptio
1414 1673 1515 1755 olim
1561 1672 1800 1757 necessaria
1833 1671 1902 1754 vel

572 1846 828 1944 opportuna,
864 1834 991 1918 hodie
1025 1836 1099 1918 vix
1133 1862 1221 1918 noo
1255 1835 1417 1919 inutilis
1451 1836 1598 1919 evasit.
1631 1905 1633 1909 ,

666 1995 931 2079 Huiusmodi
950 1995 1082 2107 igitur
1098 1995 1306 2079 librorum
1324 1996 1637 2108 prohibitorum
1655 1996 1902 2108 generalem

573 2156 775 2259 Indicem,
809 2159 930 2242 iussu
964 2160 1130 2243 Nostro
1165 2160 1436 2271 recognitum
1459 2171 1503 2244 et
1528 2160 1820 2259 emendatum,
1853 2185 1903 2242 ac

571 2319 685 2429 typis
703 2320 910 2403 vaticanis
928 2320 1201 2431 impressum,
1218 2348 1349 2431 quem
1373 2333 1591 2432 tamquam
1614 2322 1764 2406 litteris
1788 2321 1903 2405 hisce

572 2509 778 2591 expresse
820 2484 1032 2567 insertum
1066 2482 1210 2566 haberi
1244 2484 1459 2583 volumus,
1492 2483 1747 2567 auctoritate
1779 2484 1902 2594 Apo-

571 2643 730 2745 stolica,
774 2656 925 2728 tenore
974 2642 1278 2753 praesentium,
1321 2641 1613 2752 approbamus
1657 2655 1700 2726 et
1748 2641 1903 2726 confir-

572 2832 753 2906 mamus,
786 2818 915 2916 atque
949 2805 1002 2889 ab
1036 2806 1240 2890 omnibus
1270 2805 1429 2916 ubique
1453 2806 1645 2891 locorum
1669 2808 1836 2918 integre
1860 2819 1904 2891 et

571 2967 871 3051 inviolabiliter
893 2968 1112 3052 observari
1137 2968 1434 3079 praecipimus
1453 2969 1534 3052 sub
1557 2970 1709 3080 poenis
1727 2971 1768 3052 in
1790 2971 1904 3055 Con·

571 3127 796 3212 stitutione
840 3128 1002 3212 Nostra
1049 3127 1297 3238 Officzbrum
1339 3155 1392 3212 ac
1436 3156 1666 3213 munerum
1714 3131 1901 3216 sancitis

570 3288 830 3373 Mandantes
853 3288 1056 3372 omnibus
1072 3289 1267 3374 locorum
1292 3289 1541 3392 OrdinariiS,
1560 3291 1750 3402 itemque
1774 3320 1902 3404 regu·

570 3446 719 3531 larium
753 3475 1124 3559 quorumcumque
1157 3448 1462 3561 superioribus
1487 3450 1776 3561 omnibusque
1809 3453 1901 3537 aliis

570 3608 624 3692 ad
658 3637 768 3721 quos
802 3621 978 3721 spectat,
1001 3622 1077 3694 aut
1099 3611 1142 3694 in
1165 3611 1358 3695 futurum
1381 3612 1601 3722 spectabit,
1624 3624 1670 3697 ut
1698 3615 1902 3698 eumdem

571 3768 761 3853 Iudicem
794 3771 1064 3882 vulgandum
1099 3783 1142 3854 et
1175 3770 1497 3856 observandum
1520 3801 1599 3885 pro
1632 3775 1795 3859 viribus
1830 3803 1902 3861 cu-

571 3942 676 4015 rent.
701 3932 802 4015 Non
836 3933 1115 4017 obstantibus
1149 3934 1191 4015 in
1227 3934 1489 4017 contrarium
1522 3935 1776 4022 iacientibus
1810 3939 1904 4048 qui·

570 4090 851 4204 buscumque.

666 4255 831 4337 Datum
859 4256 1026 4338 Romae
1057 4256 1173 4366 apud
1196 4256 1239 4340 S.
1266 4256 1442 4339 Petrum
1465 4256 1547 4340 sub
1568 4258 1731 4341 annulo
1761 4259 1902 4343 Pisca-

571 4413 675 4497 toris
720 4414 787 4498 die
832 4439 929 4497 xvn
973 4412 1242 4525 Septembris
1283 4439 1393 4500 MCM.
1429 4416 1705 4502 Pontificatus
1750 4420 1899 4505 Nostri

570 4576 705 4658 Anno
738 4576 1108 4689 Vigesimotertio.

1342 4904 1503 4990 ALo1s
1539 4904 1664 4988 Card.
1698 4905 1896 4991 Maccus
