4309 6534
939 841 1068 888 LEONIS
1096 843 1172 889 XIII.
1688 842 1726 889 lx

392 1087 503 1171 quos
548 1059 830 1171 postmodum
874 1060 1033 1142 summi
1077 1060 1307 1144 Pontifices
1340 1061 1408 1144 vel
1451 1090 1527 1173 per
1558 1062 1720 1145 litteras

393 1222 650 1334 apostolicas
672 1221 740 1304 vel
763 1249 840 1332 per
863 1249 1063 1305 romanas
1088 1224 1475 1334 CongregationeS,
1496 1225 1722 1335 praecipue

394 1384 690 1495 Inquisitionis
713 1397 842 1497 atque
866 1384 1035 1486 Indicis,
1060 1387 1411 1497 proscripserant,
1436 1388 1478 1470 in
1503 1388 1723 1471 meliorem

393 1546 689 1655 aptioremque
707 1547 887 1630 sormam
906 1546 1139 1649 redactum,
1153 1547 1275 1659 quasi
1288 1548 1563 1632 innovarunt.
1578 1551 1722 1659 Quum

395 1735 499 1791 vero
521 1738 547 1791 a
569 1708 790 1793 Benedicti
814 1712 921 1793 XIV
944 1710 1289 1821 praedecessoris
1314 1711 1449 1793 nostri
1475 1710 1725 1820 pontificatu

394 1872 583 1955 maximo
625 1874 758 1986 longa
799 1875 884 1958 iam
925 1887 1055 1976 aetas,
1101 1888 1276 1960 centum
1320 1874 1608 1987 quadraginta
1639 1875 1725 1958 lere

394 2061 621 2135 annorum,
655 2035 904 2136 effluxisset,
940 2037 1079 2120 maius
1112 2036 1318 2149 quiddam
1351 2049 1480 2147 atque
1515 2035 1725 2119 efficacius

394 2225 462 2282 res
496 2198 588 2308 ipsa
621 2198 840 2307 postulare
873 2198 1112 2284 videbatur.
1149 2200 1249 2282 Non
1283 2199 1426 2282 solum
1460 2197 1575 2282 enim
1610 2224 1727 2280 corn·

395 2360 514 2471 plura
547 2358 628 2441 hoc
660 2358 867 2468 temporis
900 2359 1126 2442 intervallo
1160 2358 1363 2443 damnata
1394 2358 1564 2441 luerant
1596 2380 1728 2467 prave

292 2612 295 2616 4
396 2520 563 2630 scripta,
598 2517 676 2601 sed
721 2546 808 2601 non
853 2519 976 2626 pauci
1019 2520 1148 2603 etiam
1182 2546 1350 2603 errores
1383 2546 1431 2602 ac
1465 2517 1648 2601 mendae
1681 2517 1724 2599 in

397 2681 588 2765 Indicem
611 2682 753 2792 ipsum
776 2681 1048 2793 irrepserant.
1073 2684 1234 2794 Itaque,
1254 2681 1372 2792 quod
1395 2681 1438 2764 in
1461 2681 1575 2764 votis
1599 2679 1728 2763 etiarn

398 2841 529 2924 luisse
574 2852 846 2951 perspectum
891 2855 957 2925 est
1001 2842 1236 2925 multorum
1280 2853 1451 2953 patrum
1495 2840 1733 2924 Vaticanae

400 3002 578 3114 Synodi,
613 3030 791 3086 manum
814 3004 912 3087 huic
934 3003 1092 3088 Indicis
1115 3003 1375 3087 emendandi
1400 3001 1731 3114 perficiendique

402 3164 521 3276 operi
537 3162 857 3248 admovendam
882 3164 1098 3249 duximus.
1112 3167 1178 3249 Ac
1196 3165 1334 3276 primo
1352 3163 1526 3275 quidem
1547 3163 1730 3274 regulas

401 3355 510 3439 quas
533 3355 555 3411 e
580 3340 724 3412 mente
749 3322 926 3412 Concilii
949 3327 1193 3413 Tridentini
1217 3328 1319 3411 Pius
1343 3328 1406 3410 IV
1428 3326 1734 3437 praedecessor

403 3500 553 3573 noster
569 3490 861 3592 constituerat,
874 3490 1094 3601 aliquanto
1113 3489 1329 3573 molliores
1347 3490 1524 3590 efficere,
1542 3487 1737 3571 easdem·

403 3678 487 3762 que
506 3652 688 3761 tempori
711 3650 1037 3735 accommodare
1056 3650 1348 3733 decrevimus:
1373 3649 1502 3759 idque
1520 3675 1624 3732 sane
1642 3674 1736 3757 per·

403 3811 581 3895 lecimus
615 3812 935 3897 Constitutione
969 3811 1221 3922 Apostolica
1259 3810 1507 3920 Officzorum
1549 3836 1601 3894 ac
1640 3837 1735 3893 mu·

406 4000 570 4072 neriam,
595 3973 710 4056 edita
733 3973 801 4057 die
825 3998 919 4057 xxv
953 3972 1137 4055 Ianuarii
1171 3999 1238 4055 an.
1274 3995 1569 4057 Mocccxcvu.
1603 3969 1735 4081 Quod

404 4161 510 4218 vero
542 4132 597 4216 ad
642 4133 833 4218 Indicem
877 4146 1052 4245 spectat,
1098 4160 1199 4217 eum
1244 4131 1573 4245 diligentissime
1618 4158 1737 4216 reco-

406 4295 569 4406 gnosci,
594 4322 618 4378 e
641 4295 810 4377 mendis
829 4294 1015 4405 purgari,
1034 4305 1163 4404 atque
1187 4294 1244 4376 ita
1267 4293 1438 4403 disponi
1462 4292 1737 4402 ordinarique

407 4454 623 4557 iussimus,
644 4467 691 4537 ut
713 4467 804 4539 tota
822 4455 1016 4539 eiusdem
1035 4456 1143 4539 ratio
1164 4483 1259 4540 cum
1279 4455 1439 4567 regulis
1458 4482 1536 4537 seu
1555 4454 1737 4537 decretis

408 4616 681 4726 generalibus
715 4617 907 4728 apprime
940 4629 1211 4729 congrueret.
1246 4615 1470 4700 Eiusmodi
1502 4615 1737 4727 negotium,

410 4801 512 4856 sane
526 4774 1139 4875 laboriosum,Venerabilibus
1153 4777 1375 4861 Fratribus
1389 4775 1561 4859 Nostris
1573 4777 1615 4859 S.
1628 4777 1739 4861 RE.

412 4932 710 5018 CardInalibus
745 4938 1088 5049 Congregationi
1123 4936 1279 5020 Indicis
1313 4938 1518 5020 librorum
1555 4937 1741 5046 prohibi-

413 5104 553 5177 torum
597 5096 851 5206 praepositis
896 5096 1266 5198 demandavimus,
1302 5097 1374 5207 qui
1410 5096 1547 5179 doctis
1580 5098 1743 5208 aliquot
1810 5081 1813 5087 ’

1626 5288 1651 5343 *
