4309 6534
393 787 431 850 10
957 802 1174 849 cousnrvno

390 1004 529 1088 generis
562 1004 786 1070 societatibus
819 1013 948 1088 agimt,
977 1022 1105 1088 easque
1130 1004 1233 1069 utiles
1264 1013 1300 1069 et
1330 1022 1400 1069 non
1434 1003 1649 1086 perniciosas
1681 1003 1742 1068 Ec·

390 1144 517 1207 clesiae
549 1151 584 1207 et
615 1142 708 1206 civili
741 1142 899 1206 societati
929 1160 1006 1205 esse
1028 1140 1261 1221 contendunt,
1294 1150 1329 1204 et
1360 1140 1419 1222 qui
1443 1158 1582 1205 errores
1603 1140 1648 1204 ab
1667 1158 1742 1223 apo

390 1279 513 1343 stolica
533 1279 622 1344 Sede
636 1278 850 1361 proscriptos
871 1285 1023 1342 tuentur.

949 1494 1106 1559 CAPVT
1126 1494 1186 1559 VI.

694 1668 741 1713 DE
762 1668 879 1714 sacius
899 1668 1101 1715 IMAGINIBVS
1121 1670 1166 1715 ET
1187 1669 1437 1716 INDULGENTIIS.

477 1829 522 1892 15.
557 1828 730 1912 Imagines
764 1831 1089 1913 quomodocumque
1123 1831 1313 1914 impressae
1347 1830 1488 1895 Domini
1521 1829 1634 1895 nostri
1667 1830 1742 1894 Iesu

390 1962 526 2044 Christi,
549 1964 671 2028 beatae
696 1965 827 2029 Mariae
847 1966 1001 2050 virginis
1016 1967 1224 2049 angelorum
1238 1975 1342 2048 atque
1357 1973 1569 2046 sanctorum,
1586 1964 1646 2027 vel
1663 1963 1742 2027 alio

390 2116 469 2163 rum
490 2118 673 2165 servorum
687 2100 753 2165 Dei
773 2102 818 2166 ab
838 2101 1016 2167 Ecclesiae
1031 2120 1136 2167 sensu
1157 2112 1192 2167 et
1214 2102 1363 2167 decretis
1389 2101 1581 2183 difformes,
1604 2100 1741 2166 omnino

389 2244 563 2300 vetantur.
592 2235 713 2300 Novae
741 2255 844 2317 vero,
873 2237 947 2301 sive
975 2256 1099 2319 preces
1126 2238 1276 2302 habeant
1308 2237 1482 2317 adnean,
1512 2235 1587 2300 sive
1615 2236 1742 2319 absque

390 2368 458 2435 illis
479 2371 635 2453 edantur,
657 2372 731 2437 sine
753 2372 1009 2437 ecclesiasticae
1030 2373 1213 2456 potestatis
1240 2371 1380 2437 licentia
1400 2389 1472 2436 non
1492 2370 1724 2454 publicentur.

474 2509 519 2572 16.
540 2508 722 2573 Universis
748 2509 967 2574 interdicitur
994 2510 1230 2593 indulgentias
1257 2510 1491 2592 apocryphaS,
1517 2516 1553 2572 et
1577 2526 1598 2571 a
1624 2516 1741 2572 sancta

391 2639 480 2704 Sede
500 2641 691 2723 apostolica
705 2641 917 2723 proscriptas
931 2644 988 2705 vel
1003 2650 1188 2706 revocatas
1207 2642 1533 2724 quomodocumque
1551 2639 1741 2723 divulgare.

391 2776 488 2857 Quae
510 2776 711 2860 divulgatae
731 2778 801 2843 iam
830 2779 965 2862 fuerint,
987 2781 1031 2845 de
1053 2782 1212 2847 manibus
1232 2784 1386 2847 fidelium
1408 2782 1621 2847 auferantur.

474 2913 839 2998 17.1ndulgentiarum
866 2918 944 2982 libri
968 2936 1107 3000 omnes,
1136 2918 1338 3001 summaria,
1361 2917 1482 2999 libelli,
1505 2917 1587 2981 solia
1608 2925 1688 2997 etc,
1708 2916 1741 2981 in

390 3047 514 3130 quibus
535 3067 655 3113 earum
677 3052 919 3117 concessiones
933 3053 1163 3134 continentur,
1179 3070 1248 3117 non
1266 3052 1485 3135 publicentur
1506 3051 1639 3132 absque
1653 3066 1742 3114 com-

392 3184 542 3265 petentis
563 3185 780 3250 auctoritatis
800 3186 949 3252 licentia.

940 3398 1097 3464 CAPVT
1117 3400 1192 3464 VII.

711 3554 758 3599 DE
778 3554 888 3600 LIBRIS
909 3555 1099 3601 LITURGICIS
1119 3556 1164 3601 ET
1185 3555 1415 3602 PRECATORIIS.

472 3714 517 3779 18.
539 3715 578 3779 In
598 3715 807 3780 authenticis
828 3716 1035 3780 editionibus
1059 3716 1217 3796 Missalis,
1243 3715 1419 3796 Breviarii‚
1441 3714 1598 3797 Ritualis,
1620 3715 1743 3780 Caere·

389 3849 549 3914 monialis
569 3850 819 3933 episcoporum,
835 3852 1045 3916 Pontificalis
1059 3853 1203 3933 romani,
1224 3852 1441 3935 aliorumque
1462 3852 1632 3917 librorum
1653 3852 1743 3916 litur-

390 3985 547 4069 gicorum
572 4005 594 4049 a
622 3996 743 4050 sancta
770 3987 859 4052 Sede
886 3989 1077 4069 apostolica
1105 3989 1395 4070 approbatorum,
1424 4007 1527 4054 nemo
1556 3989 1742 4073 quidquam

389 4123 574 4187 immutare
602 4133 817 4204 praesumat:
846 4124 875 4188 si
902 4142 1004 4188 secus
1032 4124 1163 4189 factum
1191 4125 1312 4206 fuerit,
1340 4127 1407 4190 hae
1435 4144 1548 4192 novae
1576 4128 1743 4194 editiones

390 4257 627 4340 prohibentur.

472 4391 517 4455 19.
539 4391 696 4455 Litaniae
717 4410 847 4473 omnes
868 4401 1008 4474 praeter
1028 4393 1285 4475 antiquissimas
1306 4403 1341 4457 et
1359 4412 1572 4476 communeS,
1595 4414 1685 4478 quae
1704 4396 1741 4460 in

389 4528 587 4608 BreviariiS,
616 4528 828 4608 Missalibus,
857 4530 1115 4594 Pontificalibus
1143 4550 1185 4595 ac
1215 4532 1410 4596 Ritualibus
1442 4534 1680 4617 continentur,
1708 4542 1740 4599 et

389 4674 529 4748 praeter
548 4665 686 4729 litanias
707 4665 750 4729 de
771 4666 873 4729 beata
900 4665 1062 4748 Virgine,
1085 4667 1230 4747 quaein
1252 4685 1353 4731 sacra
1374 4668 1461 4730 aede
1483 4669 1666 4734 lauretana
1686 4671 1740 4734 de·

390 4802 524 4865 cantari
537 4802 659 4881 solent,
675 4810 710 4865 et
731 4801 868 4865 litanias
882 4801 1090 4866 sanctissimi
1104 4802 1261 4867 Nominis
1275 4803 1353 4867 Iesu
1367 4802 1384 4840 *
1397 4802 1467 4866 iam
1482 4821 1503 4866 a
1518 4814 1640 4869 sancta
1654 4805 1738 4871 Sede

389 4937 613 5018 approbatas,
638 4955 709 5001 non
734 4937 882 5001 edantur
906 4937 980 5001 sine
1004 4938 1177 5002 revisione
1202 4946 1236 5002 et
1260 4938 1509 5020 approbatione
1533 4938 1712 5005 Ordinarii.

463 5160 598 5205 *Liciniis
615 5162 761 5217 approbatis
776 5176 807 5207 ex
822 5163 958 5209 novissimo
976 5166 1075 5209 decreto
1088 5165 1113 5211 S.
1129 5165 1180 5209 Rit.
1195 5164 1286 5220 Congr.
1304 5166 1327 5209 d.
1338 5165 1362 5209 d.
1376 5166 1390 5209 2
1404 5177 1458 5221 apr.
1474 5166 1527 5210 1899
1541 5168 1734 5213 adnumerantur

390 5232 468 5278 etlam
482 5232 585 5278 litania
599 5233 754 5279 sacratissimi
768 5234 856 5279 Cordls
869 5234 932 5282 Iesu.
